<<<<<<< HEAD
%% This BibTeX bibliography file was created using BibDesk.
%% http://bibdesk.sourceforge.net/


%% Created for Florian Hollenbach at 2013-01-29 14:28:34 -0500 


%% Saved with string encoding Unicode (UTF-8) 



@article{Lockerbie:2012,
	Author = {Lockerbie, Brad},
	Date-Added = {2013-01-29 19:26:08 +0000},
	Date-Modified = {2013-01-29 19:26:56 +0000},
	Journal = {PS: Political Science \& Politics},
	Number = {4},
	Pages = {644--647},
	Title = {Economic Expectations and Election Outcomes: The Presidency and the House in 2012},
	Volume = {45},
	Year = {2012}}

@article{Cuzan:2012,
	Author = {Cuz\`an, Alfred G.},
	Date-Added = {2013-01-29 19:23:51 +0000},
	Date-Modified = {2013-01-29 19:24:24 +0000},
	Journal = {PS: Political Science \& Politics},
	Number = {4},
	Pages = {648--650},
	Title = {Forecasting the 2012 Presidential Election with the Fiscal Model},
	Volume = {45},
	Year = {2012}}

@article{Holbrook:2012,
	Author = {Holbrook, Thomas M.},
	Date-Added = {2013-01-29 19:23:05 +0000},
	Date-Modified = {2013-01-29 19:23:34 +0000},
	Journal = {PS: Political Science \& Politics},
	Number = {4},
	Pages = {640--643},
	Title = {Incumbency, National Conditions, and the 2012 Presidential Election},
	Volume = {45},
	Year = {2012}}

@article{Hibbs:2012a,
	Author = {Hibbs, Douglas A.},
	Date-Added = {2013-01-29 19:21:59 +0000},
	Date-Modified = {2013-01-29 19:22:34 +0000},
	Journal = {PS: Political Science \& Politics},
	Number = {4},
	Pages = {635--639},
	Title = {Obama's Reelection Prospects under ``Bread and Peace'' Voting in the 2012 US Presidential Election},
	Volume = {45},
	Year = {2012}}

@article{EriksonWlezien:2012,
	Author = {Erikson, Robert S. and Wlezien, Christopher},
	Date-Added = {2013-01-29 19:20:20 +0000},
	Date-Modified = {2013-01-29 19:20:55 +0000},
	Journal = {PS: Political Science \& Politics},
	Number = {4},
	Pages = {620-624},
	Title = {The Objective and Subjective Economy and the Presidential Vote},
	Volume = {45},
	Year = {2012}}

@article{LewisBeckTien:2012,
	Author = {Lewis-Beck, Michael S. and Tien, Charles},
	Date-Added = {2013-01-29 19:19:00 +0000},
	Date-Modified = {2013-01-29 19:19:32 +0000},
	Journal = {PS: Political Science \& Politics},
	Number = {4},
	Pages = {625--629},
	Title = {Election Forecasting for Turbulent Times},
	Volume = {45},
	Year = {2012}}

@article{Abramowitz:2012,
	Author = {Abramowitz, Alan I.},
	Date-Added = {2013-01-29 19:17:27 +0000},
	Date-Modified = {2013-01-29 19:18:03 +0000},
	Journal = {PS: Political Science \& Politics},
	Number = {4},
	Pages = {618--619},
	Title = {Forecasting in a Polarized Era: The Time for Change Model and the 2012 Presidential Election},
	Volume = {45},
	Year = {2012}}

@article{Campbell:2012,
	Author = {Campbell, James E.},
	Date-Added = {2013-01-29 19:15:25 +0000},
	Date-Modified = {2013-01-29 19:16:58 +0000},
	Journal = {PS: Political Science \& Politics},
	Number = {4},
	Pages = {630-634},
	Title = {Forecasting the Presidential and Congressional Elections of 2012: The Trial-Heat and the Seats-in-Trouble Models},
	Volume = {45},
	Year = {2012}}

@incollection{WlezienErikson:2000,
	Address = {Thousand Oaks},
	Author = {Wlezien, Christopher and Erikson, Robert S.},
	Booktitle = {Before the Vote: {F}orecasting American National Elections},
	Chapter = {5},
	Date-Added = {2013-01-29 18:17:55 +0000},
	Date-Modified = {2013-01-29 18:18:57 +0000},
	Editor = {Campbell, James E. and Garand, James C.},
	Pages = {103--118},
	Publisher = {Sage Publications},
	Title = {Temporal Horizons and Presidential Election Forecasts},
	Year = {2000}}

@incollection{LewisBeckTien:2000,
	Address = {Thousand Oaks},
	Author = {Lewis-Beck, Michael S. and Tien, Charles},
	Booktitle = {Before the Vote: {F}orecasting American National Elections},
	Chapter = {4},
	Date-Added = {2013-01-29 18:15:14 +0000},
	Date-Modified = {2013-01-29 18:17:38 +0000},
	Editor = {Campbell, James E. and Garand, James C.},
	Pages = {83--102},
	Publisher = {Sage Publications},
	Title = {The Future in Forecasting : Prospective Presidential Models},
	Year = {2000}}

@incollection{Abramowitz:2000,
	Address = {Thousand Oaks},
	Author = {Abramowitz, Alan I.},
	Booktitle = {Before the Vote: {F}orecasting American National Elections},
	Chapter = {2},
	Date-Added = {2013-01-29 18:13:16 +0000},
	Date-Modified = {2013-01-29 18:14:25 +0000},
	Editor = {Campbell, James E. and Garand, James C.},
	Pages = {47--56},
	Publisher = {Sage Publications},
	Title = {Bill and Al's Excellent Adventure: Forecasting the 1996 Presidential Election},
	Year = {2000}}

@incollection{Campbell:2000,
	Address = {Thousand Oaks},
	Author = {Campbell, James E.},
	Booktitle = {Before the Vote: {F}orecasting American National Elections},
	Chapter = {1},
	Date-Added = {2013-01-29 18:11:19 +0000},
	Date-Modified = {2013-01-29 18:13:01 +0000},
	Editor = {Campbell, James E. and Garand, James C.},
	Pages = {17--46},
	Publisher = {Sage Publications},
	Title = {Polls and Votes: {T}he Trial-Heat Presidential Election Forecasting Model, Certainty, and Political Campaigns},
	Year = {2000}}

@book{CampbellGarand:2000,
	Address = {Thousand Oaks},
	Author = {Campbell, James E. and Garand, James C.},
	Date-Added = {2013-01-29 18:09:08 +0000},
	Date-Modified = {2013-01-29 18:10:39 +0000},
	Publisher = {Sage Publications},
	Title = {Before the Vote: {F}orecasting American National Elections},
	Year = {2000}}

@article{Holbrook:1996,
	Author = {Holbrook, Thomas M.},
	Date-Added = {2013-01-29 16:24:10 +0000},
	Date-Modified = {2013-01-29 16:25:08 +0000},
	Journal = {American Politics Research},
	Number = {4},
	Pages = {506--519},
	Title = {Reading the Political Tea Leaves : {A} Forecasting Model of Contemporary Presidential Elections},
	Volume = {24},
	Year = {1996}}

@unpublished{Fair:2012,
	Author = {Fair, Ray C.},
	Date-Added = {2013-01-28 02:58:27 +0000},
	Date-Modified = {2013-01-29 19:28:34 +0000},
	Note = {\url{http://fairmodel.econ.yale.edu/} (accessed january 27, 2013)},
	Title = {Personal Website},
	Year = {2012}}

@article{Campbell:2008a,
	Author = {Campbell, James E.},
	Date-Added = {2013-01-28 02:52:54 +0000},
	Date-Modified = {2013-01-28 02:53:49 +0000},
	Journal = {PS: Political Science \& Politics},
	Number = {4},
	Pages = {679-81},
	Title = {Editor's Introduction: Forecasting the 2008 National Elections},
	Volume = {41},
	Year = {2008}}

@article{Campbell:2004,
	Author = {Campbell, James E.},
	Date-Added = {2013-01-28 02:42:11 +0000},
	Date-Modified = {2013-01-28 02:45:14 +0000},
	Journal = {PS: Political Science \& Politics},
	Number = {4},
	Pages = {733 - 735},
	Title = {Introduction---The 2004 Presidential Election Forecasts},
	Volume = {37},
	Year = {2004}}

@article{Campbell:2005,
	Author = {Campbell, James E.},
	Date-Added = {2013-01-28 02:39:10 +0000},
	Date-Modified = {2013-01-28 02:43:47 +0000},
	Journal = {PS: Political Science \& Politics},
	Number = {1},
	Pages = {23-24},
	Title = {Introduction---Assessments of the 2004 Presidential Vote Forecasts},
	Volume = {38},
	Year = {2005}}

@article{Campbell:2001,
	Author = {Campbell, James E.},
	Date-Added = {2013-01-28 02:23:41 +0000},
	Date-Modified = {2013-01-28 02:24:37 +0000},
	Journal = {American Politics Research},
	Number = {3},
	Pages = {275--278},
	Title = {Taking Stock of the Forecasts of the 2000 Presidential Election},
	Volume = {29},
	Year = {2001}}

@unpublished{Hibbs:2004,
	Author = {Hibbs, Douglas A.},
	Date-Added = {2013-01-28 02:15:26 +0000},
	Date-Modified = {2013-01-28 02:16:37 +0000},
	Note = {http://www.douglas-hibbs.com/Elections2004-00-96-92/election2004.pdf (accessed Jan. 27, 2013)},
	Title = {Implications of the `Bread and Peace Model' of US Presidential Voting for the 2004 Election Outcome},
	Year = {2004}}

@unpublished{Hibbs:2000a,
	Author = {Hibbs, Douglas A.},
	Date-Added = {2013-01-28 01:08:21 +0000},
	Date-Modified = {2013-01-28 02:15:15 +0000},
	Note = {\url{http://www.douglas-hibbs.com/Elections2004-00-96-92/website_000830.pdf} (accessed Jan. 27, 2013)},
	Title = {The Economy and the Year 2000 U.S. Presidential Election},
	Year = {2000}}

@unpublished{Hibbs:1996,
	Author = {Hibbs, Douglas A.},
	Date-Added = {2013-01-28 01:07:23 +0000},
	Date-Modified = {2013-01-28 01:08:08 +0000},
	Note = {\url{http://www.douglas-hibbs.com/Elections2004-00-96-92/clintn96.pdf} (accessed Jan. 27, 2013)},
	Title = {The Economy and the 1996 Presidential Election: Why Clinton Will Win with Probability Exceeding 90%},
	Year = {1992}}

@unpublished{Hibbs:1992,
	Author = {Hibbs, Douglas A.},
	Date-Added = {2013-01-28 01:06:23 +0000},
	Date-Modified = {2013-01-28 01:07:11 +0000},
	Note = {\url{http://www.douglas-hibbs.com/Elections2004-00-96-92/forecast92.pdf} (accessed Jan. 27, 2013)},
	Title = {THE 1992 PRESIDENTIAL ELECTION: Clinton is the Probable Winner, but Only Narrowly, Getting Just over 51 Percent of the Two-Party Vote},
	Year = {1992}}

@article{EriksonWlezien:1996,
	Author = {Wlezien, Christopher and Erikson, Robert S.},
	Date-Added = {2013-01-28 00:58:12 +0000},
	Date-Modified = {2013-01-28 00:59:08 +0000},
	Journal = {American Politics Research},
	Number = {4},
	Pages = {492-505},
	Title = {Temporal Horizons and Presidential Election Forecasts},
	Volume = {24},
	Year = {1996}}

@article{LewisBeckTien:1996,
	Author = {Lewis-Beck, Michael S. and Tien, Charles},
	Date-Added = {2013-01-28 00:55:37 +0000},
	Date-Modified = {2013-01-28 00:56:52 +0000},
	Journal = {American Politics Research},
	Number = {4},
	Pages = {468--491},
	Title = {The Future in Forecasting : Prospective Presidential Models},
	Volume = {24},
	Year = {1996}}

@article{GneitingEtAl:2007,
	Author = {Gneiting, Tilmann and Balabdaoui, Fadoua and Raftery, Adrian E.},
	Date-Added = {2013-01-22 20:43:36 +0000},
	Date-Modified = {2013-01-22 20:45:24 +0000},
	Journal = {Journal of the Royal Statistical Society. Series B (Methodological)},
	Number = {2},
	Pages = {243--268},
	Title = {Probabilistic Forecasts, Calibration and Sharpness},
	Volume = {69},
	Year = {2007}}

@article{RingsEtAl:2012,
	Author = {Rings, Joerg and Vrugt, Jasper A. and Schoups, Gerrit and Huisman, Johan A. and Vereecken, Harry},
	Date-Added = {2013-01-21 18:56:25 +0000},
	Date-Modified = {2013-01-21 18:59:40 +0000},
	Journal = {Water Resources Research},
	Number = {5},
	Pages = {1-12},
	Title = {{B}ayesian Model Averaging Using Particle Filtering and {G}aussian Mixture Modeling: Theory, Concepts, and Simulation Experiments},
	Volume = {48},
	Year = {2012}}

@article{MoellerEtAl:2012,
	Author = {M\"oller, Anette and Lenkoski, Alex and Thorarinsdottir, Thordis L.},
	Date-Added = {2013-01-21 18:43:29 +0000},
	Date-Modified = {2013-01-21 18:46:26 +0000},
	Journal = {Quarterly Journal of the Royal Meteorological Society},
	Title = {Multivariate Probabilistic Forecasting Using Ensemble {B}ayesian Model Averaging and Copulas},
	Volume = {Forthcoming},
	Year = {2013}}

@mastersthesis{Feldman:2012,
	Author = {Feldman, Kira},
	Date-Added = {2013-01-21 18:29:43 +0000},
	Date-Modified = {2013-01-21 18:30:34 +0000},
	School = {Ruprecht-Karls-Universitat Heidelberg},
	Title = {Statistical Postprocessing of Ensemble Forecasts for Temperature: The Importance of Spatial Modeling},
	Year = {2012}}

@article{GarratEtAl:2011,
	Author = {Garrat, Anthony and Mitchell, James and Vahey, Shaun P. and Wakerly, Elizabeth C.},
	Date-Added = {2013-01-21 17:01:25 +0000},
	Date-Modified = {2013-01-21 17:02:48 +0000},
	Journal = {North American Journal of Economics and Finance},
	Number = {1},
	Pages = {77-87},
	Title = {Real-Time Inflation Forecast Densities from Ensemble Phillips Curves},
	Volume = {22},
	Year = {2011}}

@article{Rapach_Strauss_2010,
	Author = {Rapach, David E. and Strauss, Jack K.},
	Date-Added = {2013-01-21 16:44:12 +0000},
	Date-Modified = {2013-01-21 16:46:12 +0000},
	Journal = {Econometric Reviews},
	Number = {5-6},
	Pages = {511-533},
	Title = {Bagging of Combining (or Both)? An Analysis Based on Forecasting U.S. Employment Growth},
	Volume = {29},
	Year = {2010}}

@article{RapachEtAl:2009,
	Author = {Rapach, David E. and Strauss, Jack K. and Zhou, Guofu},
	Date-Added = {2013-01-21 16:38:10 +0000},
	Date-Modified = {2013-01-21 16:40:43 +0000},
	Journal = {Review of Financial Studies},
	Number = {2},
	Pages = {821-862},
	Title = {Out-of-Sample Equity Premium Prediction: Combination Forecasts and Links to the Real Economy},
	Volume = {23},
	Year = {2009}}

@article{BjornlandEtAl:2011,
	Author = {Bj\ornland, Hilde C. and Gerdrup, Karsten and Jore, Anne Sofie and Smith, Christie and Thorsrud, Leif Anders},
	Date-Added = {2013-01-21 16:15:55 +0000},
	Date-Modified = {2013-01-21 17:03:22 +0000},
	Journal = {North American Journal of Economics and Finance},
	Number = {1},
	Pages = {61-76},
	Title = {Weights and Pools for a Norwegian Density Combination},
	Volume = {22},
	Year = {2011}}

@book{Pool:1964,
	Address = {Cambridge, MA},
	Author = {{de Sola Pool}, Ithiel and Abelson, Robert P. and Popkin, Samuel L.},
	Date-Added = {2011-12-15 15:14:09 -0500},
	Date-Modified = {2011-12-15 15:15:42 -0500},
	Publisher = {MIT Press},
	Title = {Candidates, issues, and strategies : a computer simulation of the 1960 and 1964 Presidential elections},
	Year = {1964}}

@article{Abramowitz:2008,
	Author = {Abramowitz, Alan I.},
	Date-Added = {2011-03-07 12:43:07 -0500},
	Date-Modified = {2011-03-07 12:44:05 -0500},
	Journal = {PS: Political Science \& Politics},
	Number = {4},
	Pages = {691-695},
	Title = {Forecasting the 2008 Presidential Election with the Time-for-Change Model},
	Volume = {41},
	Year = {2008}}

@article{Andriole:Young:1977,
	Author = {Andriole, Stephen J. and Young, Robert A.},
	Date-Added = {2011-03-05 11:07:57 -0500},
	Date-Modified = {2011-03-05 11:09:58 -0500},
	Journal = {International Studies Quarterly},
	Number = {1},
	Pages = {107-150},
	Title = {Toward the Development of an Integrated Crisis Warning System},
	Volume = {21},
	Year = {1977}}

@incollection{Armstrong:2001,
	Address = {Norwell, MA},
	Author = {Armstrong, J. Scott},
	Booktitle = {Principles of Forecasting: A Handbook for Researchers and Practitioners},
	Editor = {J. Scott Armstrong},
	Owner = {jacobmontgomery},
	Publisher = {Kluwer Academic Publishers},
	Timestamp = {2011.05.12},
	Title = {Combining Forecasts},
	Year = {2001}}

@book{Ascher:1979,
	Address = {Baltimore, MD},
	Author = {William Ascher},
	Owner = {jacobmontgomery},
	Publisher = {Johns Hopkins University Press},
	Timestamp = {2011.06.15},
	Title = {Forecasting, an Appraisal for Policy-Makers and Planners},
	Year = {1979}}

@article{Author:2020,
	Author = {Anne Author},
	Journal = {Yet another Journal of Publications},
	Number = {1},
	Owner = {jacobmontgomery},
	Pages = {1-100},
	Timestamp = {2011.06.16},
	Title = {Publication},
	Volume = {1},
	Year = {2020}}

@article{Author:2020b,
	Author = {Anne Author and Another Co Author},
	Journal = {Journal of Publications},
	Number = {1},
	Owner = {jacobmontgomery},
	Pages = {1-100},
	Timestamp = {2011.06.16},
	Title = {Yet another publication},
	Volume = {1},
	Year = {2020}}

@article{Baghestani:2008,
	Author = {Baghestani, Hamid},
	Date-Added = {2012-08-13 16:57:21 +0000},
	Date-Modified = {2012-08-13 16:58:28 +0000},
	Journal = {Journal of Policy Modeling},
	Number = {1},
	Pages = {101-110},
	Title = {Federal Reserve versus private information: Who is the best unemployment rate predictor?},
	Volume = {30},
	Year = {2008}}

@article{Bartels:1997,
	Author = {Bartels, Larry M.},
	Date-Modified = {2011-06-14 14:56:18 -0400},
	Have = {haveyes},
	Journal = {American Journal of Political Science},
	Keywords = {econometrics, specification},
	Number = {2},
	Pages = {641-674},
	Projects = {teaching, ps205},
	Title = {Specification Uncertainty and Model Averaging},
	Volume = {41},
	Year = {1997}}

@article{Bartels:2001,
	Author = {Bartels, Larry M. and Zaller, John},
	Date-Modified = {2011-06-10 11:01:24 -0400},
	Issn = {1049-0965},
	Journal = {PS: Political Science and Politics},
	Number = {1},
	Pages = {9--20},
	Publisher = {Cambridge Univ Press},
	Title = {Presidential Vote Models: A Recount},
	Volume = {34},
	Year = {2001}}

@article{Bates:1969,
	Author = {Bates, J.M. and Granger, Clive W.J.},
	Date-Modified = {2012-01-18 13:45:53 -0500},
	Journal = {Operations Research},
	Number = {4},
	Pages = {451--468},
	Publisher = {JSTOR},
	Title = {The Combination of Forecasts},
	Volume = {20},
	Year = {1969}}

@article{Baum_2003,
	Author = {Baum, Lawrence},
	Date-Added = {2011-09-29 19:02:55 -0400},
	Date-Modified = {2011-09-30 14:17:31 -0400},
	Journal = {Annual Review of Political Science},
	Pages = {161-180},
	Title = {The {S}upreme {C}ourt in {A}merican Politics},
	Volume = {6},
	Year = {2003}}

@article{Beck:etal:2004,
	Author = {Beck, Nathaniel and King, Gary and Zeng, Langche},
	Date-Added = {2011-03-04 20:18:22 -0500},
	Date-Modified = {2011-03-04 20:19:54 -0500},
	Journal = {American Political Science Review},
	Number = {2},
	Pages = {379-389},
	Title = {Theory and Evidence in International Conflict: A Response to de Marchi, Gelpi and Grynaviski},
	Volume = {98},
	Year = {2004}}

@article{Bennett:Stam:2009,
	Author = {Bennett, D. Scott and Stam, Allan C.},
	Date-Added = {2011-03-05 12:45:24 -0500},
	Date-Modified = {2011-03-05 12:46:47 -0500},
	Journal = {Conflict Management and Peace Science},
	Number = {3},
	Pages = {256-267},
	Title = {Revisiting Predictions of War Duration},
	Volume = {26},
	Year = {2009}}

@article{berg:2008,
	Author = {Berg, Joyce E. and Nelson, Forrest D. and Rietz, Thomas A.},
	Date-Added = {2011-12-15 16:18:04 -0500},
	Date-Modified = {2011-12-15 16:22:49 -0500},
	Journal = {International Journal of Forecasting},
	Number = {2},
	Pages = {285-300},
	Title = {Prediction Market Accuracy in the Long Run},
	Volume = {24},
	Year = {2008}}

@article{Berrocal:2010,
	Author = {Berrocal, Veronica J. and Raftery, Arian E. and Gneiting, Tilmann and Steed, Richard C.},
	Journal = {Journal of the American Statistical Association},
	Number = {490},
	Pages = {522--537},
	Publisher = {ASA},
	Title = {Probabilistic Weather Forecasting for Winter Road Maintenance},
	Volume = {105},
	Year = {2010}}

@unpublished{Billio:2011,
	Author = {Billio, Monica and Casarin, Roberto and Ravazzolo, Francesco and Van Dijk, Herman K.},
	Date-Modified = {2011-06-14 14:59:18 -0400},
	Note = {Tinbergen Institute Discussion Paper No. 2011-082/4. \url{http://www.tinbergen.nl/discussionpapers/11082.pdf} (accessed June 1, 2011)},
	Title = {Bayesian Combinations of Stock Price Predictions with an Application to the {A}msterdam Exchange Index},
	Year = {2011}}

@unpublished{Billio:2010,
	Author = {Billio, Monica and Casarin, Roberto and Ravazzolo, Francesco and Van Dijk, Herman K.},
	Date-Modified = {2011-06-14 13:27:25 -0400},
	Note = {Norges Bank Working Paper. \url{http://ssrn.com/abstract=1735421} (accessed June 1, 2011)},
	Publisher = {Norges Bank},
	Title = {Combining Predictive Densities Using {B}ayesian Filtering with Applications to {US} Economics Data},
	Year = {2010},
	Bdsk-Url-1 = {http://ssrn.com/abstract=1735421}}

@article{Brandt:etal:2008,
	Author = {Brandt, Patrick T. and Colaresi, Michael and Freeman, John R.},
	Date-Added = {2011-03-05 12:41:52 -0500},
	Date-Modified = {2011-03-05 12:44:08 -0500},
	Journal = {The Journal of Conflict Resolution},
	Number = {3},
	Pages = {343-374},
	Title = {The Dynamics of Reciprocity, Accountability, and Credibility},
	Volume = {52},
	Year = {2008}}

@unpublished{brandt:freeman:schrodt:2011,
	Author = {Patrick T. Brandt and John R. Freeman and Philip A. Schrodt},
	Date-Added = {2011-06-29 16:29:28 -0400},
	Date-Modified = {2011-09-30 14:20:06 -0400},
	Month = {July},
	Note = {Paper prepared for the 28th Annual Summer Meeting of the Society for Political Methodology. \url{http://polmeth.wustl.edu/media/Paper/RHMethods20110721small_1.pdf} (accessed August 20, 2011)},
	Number = {July 28-30},
	Owner = {jacobmontgomery},
	Pages = {1-52},
	Timestamp = {2011.09.29},
	Title = {Racing Horses: Constructing and Evaluating Forecasts in Political Science},
	Volume = {Princeton University},
	Year = {2011}}

@article{Brandt_etal_2011,
	Author = {Brandt, Patrick T. and Freeman, John R. and Schrodt, Philip A.},
	Date-Added = {2011-04-14 12:00:29 -0400},
	Date-Modified = {2011-04-14 12:01:34 -0400},
	Journal = {Conflict Management and Peace Science},
	Number = {1},
	Pages = {41-64},
	Title = {Real Time, Time Series Forecasting of Inter- and Intra-State Political Conflict},
	Volume = {28},
	Year = {2011}}

@article{Breiman:2001,
	Author = {Breiman, L.},
	Journal = {Machine Learning},
	Owner = {jmontgomery},
	Pages = {5-32},
	Timestamp = {2013.01.16},
	Title = {Random forests},
	Volume = {45},
	Year = {2001}}

@article{Breiman:1996,
	Author = {Breiman, L.},
	Journal = {Machine Learning},
	Owner = {jmontgomery},
	Pages = {123-140},
	Timestamp = {2013.01.16},
	Title = {Bagging predictors.},
	Volume = {26},
	Year = {1996}}

@article{Brier:1950,
	Author = {Brier, Glenn W.},
	Date-Added = {2011-03-06 13:30:44 -0500},
	Date-Modified = {2011-03-06 13:31:58 -0500},
	Journal = {Monthly Weather Review},
	Number = {1},
	Pages = {1-3},
	Title = {Verification of Forecasts Expressed in Terms of Probability},
	Volume = {78},
	Year = {1950}}

@article{Brock:2007,
	Author = {Brock, William A. and Durlauf, Steven N. and West, Kenneth D.},
	Journal = {Journal of Econometrics},
	Number = {2},
	Pages = {629--664},
	Publisher = {Elsevier},
	Title = {Model Uncertainty and Policy Evaluation: Some Theory and Empirics},
	Volume = {136},
	Year = {2007}}

@article{Brown:1999,
	Author = {Brown, Lloyd B. and Chappell, Henry W.},
	Date-Modified = {2011-06-14 13:33:22 -0400},
	Journal = {International Journal of Forecasting},
	Number = {2},
	Pages = {127--135},
	Publisher = {Elsevier},
	Title = {Forecasting Presidential Elections Using History and Polls},
	Volume = {15},
	Year = {1999}}

@article{Mesquita_2011,
	Author = {{Bueno de Mesquita}, Bruce},
	Date-Added = {2011-04-14 11:52:14 -0400},
	Date-Modified = {2011-04-14 11:57:48 -0400},
	Journal = {Conflict Management and Peace Science},
	Number = {1},
	Pages = {65-85},
	Title = {A New Model for Predicting Policy Choices: Preliminary Tests},
	Volume = {28},
	Year = {2011}}

@book{BDM:2002,
	Address = {Columbus, OH},
	Author = {{Bueno de Mesquita}, Bruce},
	Date-Added = {2011-03-05 11:49:49 -0500},
	Date-Modified = {2011-03-05 11:50:49 -0500},
	Publisher = {Ohio State University Press},
	Title = {Predicting Politics},
	Year = {2002}}

@article{Campbell:2008,
	Author = {Campbell, James E.},
	Date-Added = {2011-03-07 12:39:19 -0500},
	Date-Modified = {2011-06-08 09:38:35 -0400},
	Journal = {PS: Political Science \& Politics},
	Number = {4},
	Pages = {697-701},
	Title = {The Trial-heat Forecast of the 2008 Presidential Vote: Performance and Value Considerations in an Open-Seat Election},
	Volume = {41},
	Year = {2008}}

@article{Campbell:1992,
	Author = {Campbell, James E.},
	Date-Added = {2011-03-05 11:22:53 -0500},
	Date-Modified = {2011-03-05 11:23:53 -0500},
	Journal = {American Journal of Political Science},
	Number = {2},
	Pages = {386-407},
	Title = {Forecasting the Presidential Vote in the States},
	Volume = {36},
	Year = {1992}}

@periodical{mlb:jec:2008,
	Author = {James E. Campbell and Michael S. Lewis-Beck},
	Date-Added = {2011-12-15 15:06:28 -0500},
	Date-Modified = {2011-12-15 15:10:05 -0500},
	Editor = {James E. Campbell and Michael S. Lewis-Beck},
	Journal = {International Journal of Forecasting},
	Number = {2},
	Pages = {189-322},
	Title = {{U.S.} Presidential Election Forecasting},
	Volume = {24},
	Year = {2008}}

@article{Campbell:1990,
	Author = {Campbell, James E. and Wink, Ken A.},
	Date-Modified = {2011-09-30 14:22:21 -0400},
	Journal = {American Politics Research},
	Number = {3},
	Pages = {251-269},
	Publisher = {Sage Publications},
	Title = {Trial-heat Forecasts of the Presidential Vote},
	Volume = {18},
	Year = {1990}}

@article{Casper_1976,
	Author = {Casper, Jonathan D.},
	Date-Added = {2011-09-29 19:02:55 -0400},
	Date-Modified = {2011-09-30 14:22:45 -0400},
	Journal = {The American Political Science Review},
	Number = {1},
	Pages = {50-63},
	Title = {The {S}upreme {C}ourt and National Policy Making},
	Volume = {70},
	Year = {1976}}

@article{Chipman:2010,
	Author = {Hugh A. Chipman and Edward I. George and Robert E. McCulloch},
	Journal = {The Annals of Applied Statistics},
	Number = {1},
	Owner = {jmontgomery},
	Pages = {266-298},
	Timestamp = {2013.01.16},
	Title = {BART: Bayesian Additive Regression Trees},
	Volume = {4},
	Year = {2010}}

@article{Chmielecki:2010,
	Author = {Chmielecki, Richard M. and Raftery, Arian E.},
	Date-Modified = {2011-09-30 14:24:31 -0400},
	Journal = {Monthly Weather Review},
	Number = {5},
	Pages = {1626--1636},
	Title = {Probabilistic Visibility Forecasting Using {B}ayesian Model Averaging},
	Volume = {139},
	Year = {2010}}

@article{Chua:etal:2012,
	Author = {Chua, Chew Lian and Lim, G.C. and Tsiaplias, Sarantis},
	Date-Added = {2012-08-12 21:37:28 +0000},
	Date-Modified = {2012-08-12 21:39:44 +0000},
	Journal = {Journal of Forecasting},
	Number = {3},
	Pages = {229-244},
	Title = {A Latent Variable Approach to Forecasting the Unemployemnt Rate},
	Volume = {31},
	Year = {2012}}

@article{Clarke_Signorino_2010,
	Author = {Clarke, Kevin A. and Signorino, Curtis S.},
	Date-Added = {2011-04-14 21:17:30 -0400},
	Date-Modified = {2011-04-14 21:21:05 -0400},
	Journal = {Political Studies},
	Number = {2},
	Pages = {368-388},
	Title = {Discriminating Methods: Tests for Non-nested Discrete Choice Models},
	Volume = {58},
	Year = {2010}}

@incollection{Clyde:2003,
	Address = {Hoboken, NJ},
	Author = {Clyde, Merlise},
	Booktitle = {Subjective and Objective Bayesian Statistics: Principles, Models and Applications},
	Date-Modified = {2011-06-08 09:39:23 -0400},
	Editor = {S. James Press},
	Owner = {jacobmontgomery},
	Pages = {320-335},
	Publisher = {Wiley-Interscience},
	Timestamp = {2011.03.04},
	Title = {Model Averaging},
	Year = {2003}}

@article{Clyde:2004,
	Author = {Clyde, Merlise and George, Edward I.},
	Issn = {0883-4237},
	Journal = {Statistical Science},
	Number = {1},
	Pages = {81--94},
	Publisher = {JSTOR},
	Title = {Model Uncertainty},
	Volume = {19},
	Year = {2004}}

@article{Croushore:Stark:2001,
	Author = {Croushore, Dean and Stark, Tom},
	Date-Added = {2012-08-12 23:53:10 +0000},
	Date-Modified = {2012-08-12 23:58:42 +0000},
	Journal = {Journal of Econometrics},
	Number = {1},
	Pages = {111-130},
	Title = {A Real-Time Data Set for Macroeconomists},
	Volume = {105},
	Year = {2001}}

@article{Cuzan:Bundrick:2008,
	Author = {Cuz\`an, Alfred G. and Bundrick, Charles M.},
	Date-Added = {2011-03-07 12:51:15 -0500},
	Date-Modified = {2011-03-07 13:08:10 -0500},
	Journal = {PS: Political Science \& Politics},
	Number = {4},
	Pages = {717-722},
	Title = {Forecasting the 2008 Presidential Election: A Challenge for the Fiscal Model},
	Volume = {41},
	Year = {2008}}

@unpublished{Cuzan:2004,
	Author = {Cuz\`an, Alfred G. and Bundrick, Charles M.},
	Date-Added = {2012-08-13 00:38:08 +0000},
	Date-Modified = {2012-08-13 00:41:38 +0000},
	Note = {Paper prepared for presentation at the American Political Science Association, Chicago \url{http://uwf.edu/govt/facultyforums/documents/fiscaleffectsprselect2004.pdf}},
	Title = {Fiscal Effects on Presidential Elections: A Forecast for 2004},
	Year = {2004}}

@article{Dahl_2001,
	Author = {Dahl, Robert},
	Date-Added = {2011-09-29 19:02:55 -0400},
	Date-Modified = {2011-09-30 14:25:52 -0400},
	Journal = {Emory Law Journal},
	Pages = {563-582},
	Title = {Decision-Making in a Democracy: The {S}upreme {C}ourt as a National Policy-Maker},
	Volume = {50},
	Year = {2001}}

@book{Davies:Gurr:1998,
	Address = {Lanham, Md},
	Author = {Davies, John L. and Gurr, Ted Robert},
	Date-Added = {2011-03-05 11:32:22 -0500},
	Date-Modified = {2011-03-05 12:58:20 -0500},
	Publisher = {Rowman \& Littlefield Publishers},
	Title = {Preventive Measures: Building Risk Assessment and Crisis Early Warning Systems},
	Year = {1998}}

@article{dawid:1984,
	Author = {A. Phillip Dawid},
	Date-Added = {2011-06-29 17:15:21 -0400},
	Date-Modified = {2011-09-30 14:30:50 -0400},
	Journal = {Journal of the Royal Statistical Society. Series A (Statistics in Society)},
	Number = {2},
	Owner = {jacobmontgomery},
	Pages = {278-292},
	Timestamp = {2011.09.29},
	Title = {Present position and potential developments: Some personal views: Statistical theory: The prequential approach (with Discussion)},
	Volume = {147},
	Year = {1984}}

@article{dawid:1982,
	Author = {A. Phillip Dawid},
	Date-Added = {2011-06-29 17:19:56 -0400},
	Date-Modified = {2011-09-30 14:29:43 -0400},
	Journal = {Journal of the American Statistical Association},
	Number = {379},
	Owner = {jacobmontgomery},
	Pages = {605-613},
	Timestamp = {2011.09.29},
	Title = {The well-calibrated {B}ayesian (with Discussion)},
	Volume = {77},
	Year = {1982}}

@article{Goijer:Hyndman:2006,
	Author = {{De Goijer}, Jan G. and Hyndman, Rob J.},
	Date-Added = {2012-08-12 21:57:17 +0000},
	Date-Modified = {2012-08-12 22:00:17 +0000},
	Journal = {International Journal of Forecasting},
	Number = {3},
	Pages = {443-473},
	Title = {25 years of time series forecasting},
	Volume = {22},
	Year = {2006}}

@article{Doran:1999,
	Author = {Doran, Charles F.},
	Date-Added = {2011-03-04 20:02:14 -0500},
	Date-Modified = {2011-03-04 20:04:30 -0500},
	Journal = {International Studies Review},
	Number = {2},
	Pages = {11-41},
	Title = {Why Forecasts Fail: The Limits and Potential of Forecasting in International Relations and Economics},
	Volume = {1},
	Year = {1999}}

@article{Draper:1995,
	Author = {Draper, David},
	Issn = {0035-9246},
	Journal = {Journal of the Royal Statistical Society. Series B (Methodological)},
	Number = {1},
	Pages = {45--97},
	Publisher = {JSTOR},
	Title = {Assessment and Propagation of Model Uncertainty},
	Volume = {57},
	Year = {1995}}

@article{Elliott:Timmermann:2008,
	Author = {Elliott, Graham and Timmermann, Allan},
	Date-Added = {2012-08-12 21:11:00 +0000},
	Date-Modified = {2012-08-12 21:12:26 +0000},
	Journal = {Journal of Economic Literature},
	Number = {1},
	Pages = {3-56},
	Title = {Economic Forecasting},
	Volume = {46},
	Year = {2008}}

@article{Enders:Sandler:2005,
	Author = {Enders, Walter and Sandler, Todd Michael},
	Date-Added = {2011-03-05 11:53:04 -0500},
	Date-Modified = {2011-03-05 11:54:02 -0500},
	Journal = {The Journal of Conflict Resolution},
	Number = {2},
	Pages = {259-277},
	Title = {After 9/11: Is It All Different Now?},
	Volume = {49},
	Year = {2005}}

@article{Epstein_etal_2001,
	Author = {Epstein, Lee and Knight, Jack and Martin, Andrew D.},
	Date-Added = {2011-09-29 19:02:55 -0400},
	Date-Modified = {2011-09-30 14:31:47 -0400},
	Journal = {Emory Law Journal},
	Pages = {583-612},
	Title = {Review Essays: The {S}upreme {C}ourt as a Stratgic Policymaker},
	Volume = {50},
	Year = {2001}}

@article{Erikson:Wlezien:2008,
	Author = {Erikson, Robert S. and Wlezien, Christopher},
	Date-Added = {2011-03-07 12:45:28 -0500},
	Date-Modified = {2011-03-07 12:46:19 -0500},
	Journal = {PS: Political Science \& Politics},
	Number = {4},
	Pages = {703-707},
	Title = {Leading Economic Indicators, the Polls, and the Presidential Vote},
	Volume = {41},
	Year = {2008}}

@unpublished{Fair2011,
	Author = {Fair, Ray C.},
	Date-Added = {2011-05-15 16:59:32 -0400},
	Date-Modified = {2011-06-08 18:48:38 -0400},
	Note = {Working Paper, Yale University. \url{http://fairmodel.econ.yale.edu/vote2012/index2.htm} (accessed March 07, 2011)},
	Title = {Vote-Share Equations: November 2010 Update},
	Year = {2011},
	Bdsk-Url-1 = {http://fairmodel.econ.yale.edu/vote2012/index2.htm}}

@unpublished{Fair:2010,
	Author = {Fair, Ray C.},
	Date-Added = {2011-04-27 12:50:38 -0400},
	Date-Modified = {2011-06-08 18:50:35 -0400},
	Note = {Working Paper, Yale University. \url{http://fairmodel.econ.yale.edu/RAYFAIR/PDF/2010C.pdf} (accessed June 07, 2011)},
	Title = {Presidential and Congressional Vote-Share Equations: November 2010 Update},
	Year = {2010},
	Bdsk-Url-1 = {http://fairmodel.econ.yale.edu/RAYFAIR/PDF/2010C.pdf}}

@article{Fair:2009,
	Author = {Fair, Ray C.},
	Date-Added = {2011-04-27 12:29:25 -0400},
	Date-Modified = {2011-04-27 13:01:07 -0400},
	Journal = {American Journal of Political Science},
	Number = {1},
	Pages = {55-72},
	Title = {Presidential and Congressional Vote-Share Equations},
	Volume = {53},
	Year = {2009}}

@article{Fair:1978,
	Author = {Fair, Ray C.},
	Date-Added = {2011-04-27 12:36:23 -0400},
	Date-Modified = {2011-06-16 11:40:12 -0400},
	Journal = {The Review of Economics and Statistics},
	Number = {2},
	Pages = {159-173},
	Title = {The Effect of Economic Events on Votes For President},
	Volume = {60},
	Year = {1978}}

@article{Fearon:Laitin:2003,
	Author = {Fearon, James D. and Laitin, David D.},
	Date-Added = {2011-03-05 11:51:02 -0500},
	Date-Modified = {2011-03-05 11:52:34 -0500},
	Journal = {American Political Science Review},
	Number = {1},
	Pages = {75-90},
	Title = {Ethnicity, Insurgency and Civil War},
	Volume = {97},
	Year = {2003}}

@article{Feder:2002,
	Author = {Feder, Stanley A.},
	Date-Added = {2011-03-04 19:57:43 -0500},
	Date-Modified = {2011-03-04 20:00:55 -0500},
	Journal = {Annual Review of Political Science},
	Pages = {111-125},
	Title = {Forecasting For Policy Making in the Post-Cold War Period},
	Volume = {5},
	Year = {2002}}

@article{Feldkircher:2010,
	Author = {Feldkircher, Martin},
	Date-Added = {2011-06-14 13:39:50 -0400},
	Date-Modified = {2011-06-14 13:40:20 -0400},
	Doi = {10.1002/for.1228},
	Issn = {1099-131X},
	Journal = {Journal of Forecasting},
	Pages = {{in press}},
	Publisher = {John Wiley \& Sons, Ltd},
	Title = {Forecast Combination and {B}ayesian Model Averaging: A Prior Sensitivity Analysis},
	Url = {http://dx.doi.org/10.1002/for.1228},
	Year = {2011},
	Bdsk-Url-1 = {http://dx.doi.org/10.1002/for.1228}}

@article{Fraley:2010,
	Author = {Fraley, Chris and Raftery, Adrian E. and Gneiting, Tilmann},
	Date-Modified = {2011-06-14 15:08:14 -0400},
	Journal = {Monthly Weather Review},
	Number = {1},
	Pages = {190--202},
	Publisher = {Citeseer},
	Title = {Calibrating Multimodel Forecast Ensembles with Exchangeable and Missing Members Using {B}ayesian Model Averaging},
	Volume = {138},
	Year = {2010}}

@unpublished{Fraley:2009,
	Author = {Fraley, Chris and Raftery, Adrian E. and Gneiting, Tilmann and Sloughter, J. McLean},
	Date-Modified = {2011-06-14 13:43:08 -0400},
	Note = {\url{http://www.stat.washington.edu/www/research/reports/2008/tr516.pdf} (accessed March 24, 2011)},
	Title = {ensembleBMA: An R Package for Probabilistic Forecasting Using Ensembles and Bayesian Model Averaging},
	Year = {2009},
	Bdsk-Url-1 = {http://www.stat.washington.edu/www/research/reports/2008/tr516.pdf}}

@article{Fraley:Forthcoming,
	Author = {Fraley, Chris and Raftery, Adrian E. and Gneiting, Tilmann and Sloughter, J. McLean and Berrocal, Veronica J.},
	Date-Modified = {2011-09-29 19:33:22 -0400},
	Journal = {R Journal},
	Number = {1},
	Pages = {55-63},
	Title = {Probabilistic Weather Forecasting in {R}},
	Volume = {3},
	Year = {2011}}

@manual{Fraley:2010b,
	Author = {Chris Fraley and Adrian E. Raftery and J. McLean Sloughter and Tilmann Gneiting},
	Date-Modified = {2011-09-30 14:34:21 -0400},
	Note = {R package version 4.5},
	Title = {ensembleBMA: Probabilistic Forecasting using Ensembles and Bayesian Model Averaging},
	Url = {http://CRAN.R-project.org/package=ensembleBMA},
	Year = {2010},
	Bdsk-Url-1 = {http://CRAN.R-project.org/package=ensembleBMA}}

@article{Freeman:Job:1979,
	Author = {Freeman, John R. and Job, Brian L.},
	Date-Added = {2011-03-04 19:42:19 -0500},
	Date-Modified = {2011-03-04 19:43:34 -0500},
	Journal = {International Studies Quarterly},
	Number = {1},
	Pages = {113-143},
	Title = {Scientific Forecasts in International Relations: Problems of Definition and Epistemology},
	Volume = {23},
	Year = {1979}}

@article{Freund:1997,
	Author = {Freund, Y. and Schapire, R.E.},
	Journal = {J. Comput. System Sci.},
	Owner = {jmontgomery},
	Pages = {119-139},
	Timestamp = {2013.01.16},
	Title = {A decision-theoretic generalization of online learning and an application to boosting},
	Volume = {55},
	Year = {1997}}

@article{Friedman:2001,
	Author = {Friedman, J.H.},
	Journal = {Ann. Statist},
	Owner = {jmontgomery},
	Pages = {1189-1232},
	Timestamp = {2013.01.16},
	Title = {Greedy function approximation: A gradient boosing machine},
	Volume = {29},
	Year = {2001}}

@article{Galton:1907,
	Author = {Galton, Francis},
	Journal = {Nature},
	Number = {1949},
	Pages = {450--451},
	Title = {Vox populi},
	Volume = {75},
	Year = {1907}}

@article{Geer:2006b,
	Author = {Geer, John and Lau, Richard R.},
	Issn = {0007-1234},
	Journal = {British Journal of Political Science},
	Number = {2},
	Pages = {269--290},
	Publisher = {Cambridge Univ Press},
	Title = {Filling in the Blanks: A New Method for Estimating Campaign Effects},
	Volume = {36},
	Year = {2006}}

@article{Gill:2004,
	Author = {Gill, Jeff},
	Journal = {Political Analysis},
	Number = {4},
	Owner = {jacobmontgomery},
	Pages = {647--674},
	Timestamp = {2011.03.04},
	Title = {Introduction to the Special Issue},
	Volume = {12},
	Year = {2004}}

@misc{Gleditsch:Ward:2010,
	Author = {Gleditsch, Kristian Skrede and Ward, Michael D.},
	Date-Added = {2011-03-05 12:47:44 -0500},
	Date-Modified = {2011-06-08 09:38:03 -0400},
	Howpublished = {Presented to the 2010 Annual Meeting of the International Studies Association, New Orleans, LA},
	Title = {Contentious Issues and Forecasting Interstate Disputes},
	Year = {2010}}

@article{Gneiting_Raftery_2007,
	Author = {Gneiting, Tilmann and Raftery, Adrian E.},
	Date-Added = {2011-09-27 13:59:00 -0400},
	Date-Modified = {2011-09-27 13:59:00 -0400},
	Journal = {Journal of the American Statistical Association},
	Number = {477},
	Pages = {359-378},
	Title = {Strictly Proper Scoring Rules, Prediction, and Estimation},
	Volume = {102},
	Year = {2007},
	Bdsk-File-1 = {YnBsaXN0MDDUAQIDBAUIJidUJHRvcFgkb2JqZWN0c1gkdmVyc2lvblkkYXJjaGl2ZXLRBgdUcm9vdIABqAkKFRYXGyIjVSRudWxs0wsMDQ4RFFpOUy5vYmplY3RzV05TLmtleXNWJGNsYXNzog8QgASABqISE4ACgAOAB1lhbGlhc0RhdGFccmVsYXRpdmVQYXRo0hgNGRpXTlMuZGF0YU8RAdwAAAAAAdwAAgAADE1hY2ludG9zaCBIRAAAAAAAAAAAAAAAAAAAAMoNYJhIKwAAAB5Suh5HbmVpdGluZ19SYWZ0ZXJ5X0pBU0FfMjAwNy5wZGYAAAAAAAAAAAAAAAAAAAAAAAAAAAAAAAAAAAAAAAAAAAAAxA/jyqVjugAAAAAAAAAAAAMAAgAACSAAAAAAAAAAAAAAAAAAAAAGUGFwZXJzABAACAAAyg2Y2AAAABEACAAAyqWb+gAAAAEAEAAeUroAD6tdAAhadgAAfFwAAgBSTWFjaW50b3NoIEhEOlVzZXJzOmZsb3JpYW5ob2xsZW5iYWNoOkRyb3Bib3g6UGFwZXJzOkduZWl0aW5nX1JhZnRlcnlfSkFTQV8yMDA3LnBkZgAOAD4AHgBHAG4AZQBpAHQAaQBuAGcAXwBSAGEAZgB0AGUAcgB5AF8ASgBBAFMAQQBfADIAMAAwADcALgBwAGQAZgAPABoADABNAGEAYwBpAG4AdABvAHMAaAAgAEgARAASAEVVc2Vycy9mbG9yaWFuaG9sbGVuYmFjaC9Ecm9wYm94L1BhcGVycy9HbmVpdGluZ19SYWZ0ZXJ5X0pBU0FfMjAwNy5wZGYAABMAAS8AABUAAgAY//8AAIAF0hwdHh9YJGNsYXNzZXNaJGNsYXNzbmFtZaMfICFdTlNNdXRhYmxlRGF0YVZOU0RhdGFYTlNPYmplY3RfEC4uLi8uLi8uLi9QYXBlcnMvR25laXRpbmdfUmFmdGVyeV9KQVNBXzIwMDcucGRm0hwdJCWiJSFcTlNEaWN0aW9uYXJ5EgABhqBfEA9OU0tleWVkQXJjaGl2ZXIACAARABYAHwAoADIANQA6ADwARQBLAFIAXQBlAGwAbwBxAHMAdgB4AHoAfACGAJMAmACgAoACggKHApACmwKfAq0CtAK9Au4C8wL2AwMDCAAAAAAAAAIBAAAAAAAAACgAAAAAAAAAAAAAAAAAAAMa}}

@unpublished{Gneiting:2010,
	Author = {Tilmann Gneiting and Thordis L. Thorarinsdottir},
	Date-Modified = {2011-06-14 13:46:34 -0400},
	Note = {Working Paper. \url{http://arxiv.org/abs/1010.2318v1} (accessed June 15, 2011)},
	Title = {Predicting Inflation: Professional Experts Versus No-Change Forecasts},
	Year = {2010},
	Bdsk-Url-1 = {http://arxiv.org/abs/1010.2318v1}}

@article{Goldstone:etal:2010,
	Author = {Goldstone, Jack A. and Bates, Robert H. and Epstein, David L. and Gurr, Ted Robert and Lustik, Michael B. and Marshall, Monty G. and Ulfelder, Jay and Woodward, Mark},
	Date-Added = {2011-03-05 13:18:40 -0500},
	Date-Modified = {2011-03-05 13:20:55 -0500},
	Journal = {American Journal of Political Science},
	Number = {1},
	Pages = {190-208},
	Title = {A Global Model for Forecasting Political Instability},
	Volume = {54},
	Year = {2010}}

@unpublished{Graefe:2010,
	Author = {Andreas Graefe and Aldfred G. Cuzan and Randal J. Jones and J. Scott Armstrong},
	Date-Modified = {2011-06-08 18:55:58 -0400},
	Note = {Working Paper. \url{http://dl.dropbox.com/u/3662406/Articles/Graefe_et_al_Combining.pdf} (accessed May 15, 2011)},
	Owner = {jacobmontgomery},
	Timestamp = {2011.05.12},
	Title = {Combining Forecasts for {U.S.} Presidential Elections: {The PollyVote}},
	Year = {2010}}

@article{Greenhill:2011,
	Author = {Brian Greenhill and Michael D. Ward and Audrey Sacks},
	Date-Modified = {2012-01-18 13:47:00 -0500},
	Journal = {American Journal of Political Science},
	Number = {4},
	Owner = {jacobmontgomery},
	Pages = {990-1002},
	Timestamp = {2011.06.08},
	Title = {The Separation Plot: A New Visual Method for Evaluating the Fit of Binary Data},
	Volume = {55},
	Year = {2011}}

@article{Gurr:Lichbach:1986,
	Author = {Gurr, Ted Robert and Lichbach, Mark Irving},
	Date-Added = {2011-03-04 19:27:45 -0500},
	Date-Modified = {2011-03-05 11:34:19 -0500},
	Journal = {Comparative Political Studies},
	Number = {3},
	Pages = {3-38},
	Title = {Forecasting Internal Conflict: A Competitive Evaluation of Empirical Theories},
	Volume = {19},
	Year = {1986}}

@article{Hamill:2004,
	Author = {Hamill, Thomas S. and Jeffrey S. Whitaker and Xue Wei},
	Date-Modified = {2011-06-14 15:10:13 -0400},
	Journal = {Monthly Weather Review},
	Number = {6},
	Owner = {jacobmontgomery},
	Pages = {1434 -- 1447},
	Timestamp = {2011.03.03},
	Title = {Ensemble Reforecasting: Improving Medium-range Forecast Skill Using Retrospective Forecasts},
	Volume = {132},
	Year = {2004}}

@book{Hastie:2009,
	Address = {New York, NY},
	Author = {Hastie, Trevor and Tibshirani, Robert and Friedman, Jerome},
	Date-Modified = {2011-09-30 14:39:09 -0400},
	Publisher = {Springer},
	Title = {The Elements of Statistical Learning: Data Mining, Inference, and Prediction},
	Year = {2009}}

@article{Hausegger_Baum_1999,
	Author = {Hausegger, Lori and Baum, Lawrence},
	Date-Added = {2011-09-29 19:02:55 -0400},
	Date-Modified = {2011-09-30 14:39:33 -0400},
	Journal = {American Journal of Political Science},
	Number = {1},
	Pages = {162-185},
	Title = {Inviting Congressional Action: A Study of {S}upreme {C}ourt Motivations in Statutory Interpretation},
	Volume = {43},
	Year = {1999}}

@article{Hersbach:2000,
	Author = {Hersbach, Hans},
	Journal = {Weather and Forecasting},
	Number = {5},
	Pages = {559--570},
	Title = {Decomposition of the Continuous Ranked Probability Score for Ensemble Prediction Systems},
	Volume = {15},
	Year = {2000}}

@unpublished{Hibbs2011,
	Author = {Hibbs, Douglas},
	Date-Added = {2011-05-15 17:00:46 -0400},
	Date-Modified = {2011-06-08 18:47:49 -0400},
	Note = {\url{http://douglas-hibbs.com/Election2008/2008Election-MainPage.htm} (accessed March 08, 2011)},
	Title = {The Bread and Peace Model Applied to the 2008 {U.S.} Presidential Election},
	Year = {2011},
	Bdsk-Url-1 = {http://douglas-hibbs.com/Election2008/2008Election-MainPage.htm}}

@unpublished{hibbs:2012,
	Author = {Hibbs, Douglas A.},
	Date-Added = {2012-08-10 17:16:44 +0000},
	Date-Modified = {2012-08-10 17:18:31 +0000},
	Note = {\url{http://www.douglas-hibbs.com/HibbsArticles/HIBBS_OBAMA-REELECT-31July2012r1.pdf}},
	Title = {Obama's Re-election Prospects under `Bread and Peace/ Voting in the 2012 US Presidential Election},
	Year = {2012}}

@article{Hibbs:2000,
	Author = {Hibbs, Douglas A.},
	Date-Modified = {2013-01-28 02:15:15 +0000},
	Journal = {Public Choice},
	Number = {1},
	Pages = {149--180},
	Publisher = {Springer},
	Title = {Bread and Peace Voting in {U.S.} Presidential Elections},
	Volume = {104},
	Year = {2000}}

@article{Hildebrand:etal:1976,
	Author = {Hildebrand, David K. and Laing, James D. and Rosenthal, Howard},
	Date-Added = {2011-03-04 19:10:32 -0500},
	Date-Modified = {2011-03-04 19:16:18 -0500},
	Journal = {The American Political Science Review},
	Number = {2},
	Pages = {509-535},
	Title = {Prediction Analysis in Political Research},
	Volume = {70},
	Year = {1976}}

@article{Hoeting:1999,
	Author = {Hoeting, Jennifer A. and Madigan, David and Raftery, Adrian E. and Volinsky, Christopher T.},
	Date-Modified = {2011-06-14 13:48:20 -0400},
	Issn = {0883-4237},
	Journal = {Statistical Science},
	Number = {4},
	Pages = {382--417},
	Publisher = {Institute of Mathematical Statistics},
	Title = {Bayesian Model Averaging: A Tutorial},
	Volume = {14},
	Year = {1999}}

@article{Hoff:2007,
	Author = {Hoff, Peter D.},
	Date-Added = {2011-06-10 10:50:24 -0400},
	Date-Modified = {2011-06-10 10:50:24 -0400},
	Journal = {Annals of Applied Statistics},
	Number = {1},
	Owner = {jacobmontgomery},
	Pages = {265-283},
	Timestamp = {2011.06.09},
	Title = {Extending the Rank LIkelihood for Semiparametric Copula Estimation},
	Volume = {1},
	Year = {2007}}

@article{Holbrook:2008,
	Author = {Holbrook, Thomas M.},
	Date-Added = {2011-03-07 12:46:30 -0500},
	Date-Modified = {2011-03-07 12:47:29 -0500},
	Journal = {PS: Political Science \& Politics},
	Number = {4},
	Pages = {709-712},
	Title = {Incumbency, National Conditions, and the 2008 Presidential Election},
	Volume = {41},
	Year = {2008}}

@article{Viney:2009,
	Author = {J.A. Huisman and L. Breuer and H. Bormann and A. Bronstert and B.F.W. Croke and H.-G. Frede and T. Gr{\"a}ff and L. Hubrechts and A.J. Jakeman and G. Kite and J. Lanini and G. Leavesley and D.P. Lettenmaier and G. Lindstr{\"o}m and J. Seibert and M. Sivapalan and N.R. Viney and P. Willems},
	Date-Modified = {2011-06-14 15:34:29 -0400},
	Journal = {Advances in Water Resources},
	Number = {2},
	Pages = {147--158},
	Publisher = {Elsevier},
	Title = {Assessing the Impact of Land Use Change on Hydrology by Ensemble Modelling {(LUCHEM) II}: Ensemble Combinations and Predictions},
	Volume = {32},
	Year = {2009}}

@article{Imai:2004,
	Author = {Imai, Kosuke and King, Gary},
	Date-Modified = {2011-06-10 11:02:14 -0400},
	Issn = {1537-5927},
	Journal = {Perspectives on Politics},
	Number = {3},
	Pages = {537--549},
	Publisher = {Cambridge Univ Press},
	Title = {Did Illegal Overseas Absentee Ballots Decide the 2000 {US} Presidential Election?},
	Volume = {2},
	Year = {2004}}

@article{imai:tingley:2012,
	Author = {Kosuke Imai and Dustin Tingley},
	Date-Added = {2012-08-10 17:06:47 +0000},
	Date-Modified = {2012-08-10 17:07:49 +0000},
	Journal = {American Journal of Political Science},
	Month = {January},
	Number = {1},
	Pages = {218-236},
	Title = {A Statistical Method for Empirical Testing of Competing Theories},
	Volume = {56},
	Year = {2012}}

@article{Jerome:1999,
	Author = {Jerome, Bruno and Veronique Jerome and Michael S. Lewis-Beck},
	Date-Modified = {2011-06-14 15:12:27 -0400},
	Journal = {International Journal of Forecasting},
	Number = {2},
	Owner = {jacobmontgomery},
	Pages = {163-174},
	Timestamp = {2011.05.11},
	Title = {Polls Fail in {F}rance: Forecasts of the 1997 Legislative Election},
	Volume = {15},
	Year = {1999}}

@article{Kenny_Winer_2006,
	Author = {Kenny, Lawrence W. and Winer, Stanley L.},
	Date-Added = {2011-10-09 16:29:58 -0400},
	Date-Modified = {2011-10-09 16:35:00 -0400},
	Journal = {International Tax and Public Finance},
	Number = {2/3},
	Pages = {181-215},
	Title = {Tax Systems in the World: An Empirical Investigation into the Importance of Tax Bases, Administration Costs, Scale and Political Regime},
	Volume = {13},
	Year = {2006},
	Bdsk-File-1 = {YnBsaXN0MDDUAQIDBAUIJidUJHRvcFgkb2JqZWN0c1gkdmVyc2lvblkkYXJjaGl2ZXLRBgdUcm9vdIABqAkKFRYXGyIjVSRudWxs0wsMDQ4RFFpOUy5vYmplY3RzV05TLmtleXNWJGNsYXNzog8QgASABqISE4ACgAOAB1lhbGlhc0RhdGFccmVsYXRpdmVQYXRo0hgNGRpXTlMuZGF0YU8RAcwAAAAAAcwAAgAADE1hY2ludG9zaCBIRAAAAAAAAAAAAAAAAAAAAM0TcFVIKwAAAAVN+xlLZW5ueV9XaW5lcl9JVFBGXzIwMDYucGRmAAAAAAAAAAAAAAAAAAAAAAAAAAAAAAAAAAAAAAAAAAAAAAAAAAAABh8Jyrd8awAAAAAAAAAAAAUAAwAACSAAAAAAAAAAAAAAAAAAAAAGUGFwZXJzABAACAAAzRO2pQAAABEACAAAyre0qwAAAAEAEAAFTfsABU1zAAUzfAAAwBcAAgBRTWFjaW50b3NoIEhEOlVzZXJzOgBmbG9yaWFuaG9sbGVuYmFjaDoARHJvcGJveDoAUGFwZXJzOgBLZW5ueV9XaW5lcl9JVFBGXzIwMDYucGRmAAAOADQAGQBLAGUAbgBuAHkAXwBXAGkAbgBlAHIAXwBJAFQAUABGAF8AMgAwADAANgAuAHAAZABmAA8AGgAMAE0AYQBjAGkAbgB0AG8AcwBoACAASABEABIAQFVzZXJzL2Zsb3JpYW5ob2xsZW5iYWNoL0Ryb3Bib3gvUGFwZXJzL0tlbm55X1dpbmVyX0lUUEZfMjAwNi5wZGYAEwABLwAAFQACABj//wAAgAXSHB0eH1gkY2xhc3Nlc1okY2xhc3NuYW1lox8gIV1OU011dGFibGVEYXRhVk5TRGF0YVhOU09iamVjdF8QNy4uLy4uLy4uLy4uLy4uL0Ryb3Bib3gvUGFwZXJzL0tlbm55X1dpbmVyX0lUUEZfMjAwNi5wZGbSHB0kJaIlIVxOU0RpY3Rpb25hcnkSAAGGoF8QD05TS2V5ZWRBcmNoaXZlcgAIABEAFgAfACgAMgA1ADoAPABFAEsAUgBdAGUAbABvAHEAcwB2AHgAegB8AIYAkwCYAKACcAJyAncCgAKLAo8CnQKkAq0C5wLsAu8C/AMBAAAAAAAAAgEAAAAAAAAAKAAAAAAAAAAAAAAAAAAAAxM=}}

@article{King:Zeng:2001,
	Author = {King, Gary and Zeng, Langche},
	Date-Added = {2011-03-04 19:32:34 -0500},
	Date-Modified = {2011-03-04 19:33:34 -0500},
	Journal = {World Politics},
	Number = {4},
	Pages = {623-658},
	Title = {Improving Forecasts of State Failure},
	Volume = {53},
	Year = {2001}}

@article{Klein_Hume_2003,
	Author = {Klein, David E. and Hume, Robert J.},
	Date-Added = {2011-09-29 19:02:55 -0400},
	Date-Modified = {2011-09-29 19:02:55 -0400},
	Journal = {Law \& Society Review},
	Number = {3},
	Pages = {579-606},
	Title = {Fear of Reversal as an Explanation of Lower Court Compliance},
	Volume = {37},
	Year = {2003}}

@unpublished{Koop:2010,
	Author = {Koop, Gary and Korobilis, Dimitris},
	Date-Modified = {2011-06-14 13:49:56 -0400},
	Note = {Working Paper. \url{http://personal.strath.ac.uk/gary.koop/koop_korobilis_forecasting_inflation_using_DMA.pdf} (accessed May 25, 2011)},
	Title = {Forecasting Inflation Using Dynamic Model Averaging},
	Year = {2009},
	Bdsk-Url-1 = {http://personal.strath.ac.uk/gary.koop/koop_korobilis_forecasting_inflation_using_DMA.pdf}}

@article{Krause:1997,
	Author = {Krause, George A.},
	Date-Added = {2011-03-05 11:31:05 -0500},
	Date-Modified = {2011-03-05 11:32:06 -0500},
	Journal = {American Journal of Political Science},
	Number = {4},
	Pages = {1170-1200},
	Title = {Voters, Information Heterogeneity, and the Dynamics of Aggregate Economic Expectations},
	Volume = {41},
	Year = {1997}}

@article{Leblang:Satyanath:2006,
	Author = {Leblang, David and Satyanath, Shanker},
	Date-Added = {2011-03-05 11:55:12 -0500},
	Date-Modified = {2011-03-05 11:57:23 -0500},
	Journal = {International Organization},
	Number = {1},
	Pages = {245-262},
	Title = {Institutions, Expectations, and Currency Crises},
	Volume = {60},
	Year = {2006}}

@article{Lewis-Beck:2005,
	Author = {Lewis-Beck, Michael S.},
	Journal = {The British Journal of Politics \& International Relations},
	Number = {2},
	Owner = {jacobmontgomery},
	Pages = {145-164},
	Timestamp = {2011.05.11},
	Title = {Election Forecasting: Principles and Practice},
	Volume = {7},
	Year = {2005}}

@article{Lewis-Beck:Tien:2008,
	Author = {Lewis-Beck, Michael S. and Tien, Charles},
	Date-Added = {2011-03-07 12:42:00 -0500},
	Date-Modified = {2011-03-07 12:43:03 -0500},
	Journal = {PS: Political Science \& Politics},
	Number = {4},
	Pages = {687-690},
	Title = {The Job of President and the Jobs Model Forecast: Obama for '08?},
	Volume = {41},
	Year = {2008}}

@article{Linzer:2013,
	Author = {Drew Linzer},
	Journal = {Journal of the American Statistical Association},
	Owner = {jmontgomery},
	Timestamp = {2013.01.16},
	Title = {Dynamic Bayesian Forecasting of Presidential Elections in the States},
	Year = {Forthcoming}}

@article{gelman:forecasts,
	Author = {Lock, Kari and Gelman, Andrew},
	Date-Added = {2011-12-15 15:43:58 -0500},
	Date-Modified = {2011-12-15 15:56:56 -0500},
	Journal = {Political Analysis},
	Number = {3},
	Pages = {337-348},
	Title = {Bayesian Combination of State Polls and Election Forecasts},
	Volume = {18},
	Year = {2010}}

@article{Lockerbie:2008,
	Author = {Lockerbie, Brad},
	Date-Added = {2011-03-07 12:49:34 -0500},
	Date-Modified = {2011-03-07 12:50:32 -0500},
	Journal = {PS: Political Science \& Politics},
	Number = {4},
	Pages = {713-716},
	Title = {Election Forecasting: The Future of the Presidency and the House},
	Volume = {41},
	Year = {2008}}

@article{Madigan:1994,
	Author = {Madigan, David and Raftery, Adrian E.},
	Issn = {0162-1459},
	Journal = {Journal of the American Statistical Association},
	Number = {428},
	Pages = {1535--1546},
	Publisher = {JSTOR},
	Title = {Model Selection and Accounting for Model Uncertainty in Graphical Models Using {O}ccam's Window},
	Volume = {89},
	Year = {1994}}

@article{Demarchi:etal:2004,
	Author = {de Marchi, Scott and Gelpi, Christopher and Grynaviski, Jeffrey D.},
	Date-Added = {2011-03-04 20:09:37 -0500},
	Date-Modified = {2011-03-04 20:11:26 -0500},
	Journal = {American Political Science Review},
	Number = {2},
	Pages = {371-378},
	Title = {Untangling Neural Nets},
	Volume = {98},
	Year = {2004}}

@unpublished{PolityIV,
	Author = {Marshall, Monty G. and Jaggers, Keith and Gurr, Ted Robert},
	Date-Added = {2011-03-05 15:45:12 -0500},
	Date-Modified = {2011-03-05 15:45:12 -0500},
	Howpublished = {electronic Data File (version p4v2007)},
	Note = {CIDCM: University of Maryland, MD},
	Title = {Polity {IV} Project: Political Regime Characteristics and Transition 1800-2007},
	Year = {2009}}

@article{Martin:2004,
	Author = {Andrew D. Martin and Kevin M. Quinn and Theodore W. Ruger and Pauline T. Kim},
	Date-Modified = {2011-09-30 14:42:47 -0400},
	Journal = {Perspectives on Politics},
	Number = {4},
	Owner = {jacobmontgomery},
	Pages = {761-767},
	Timestamp = {2011.05.12},
	Title = {Competing Approaches to Predicting {S}upreme {C}ourt Decision Making},
	Volume = {2},
	Year = {2004}}

@article{Mccandless:2011,
	Author = {McCandless, Tyler C. and Haupt, Sue Ellen and Young, George S.},
	Journal = {Journal of Computers},
	Number = {2},
	Pages = {162--171},
	Title = {The Effects of Imputing Missing Data on Ensemble Temperature Forecasts},
	Volume = {6},
	Year = {2011}}

@unpublished{Mccormick:2011,
	Author = {Tyler H. McCormick and Adrian E. Raftery and David Madigan and Randall S. Burd},
	Date-Modified = {2011-06-14 13:52:15 -0400},
	Note = {Working Paper. \url{http://www.stat.columbia.edu/~madigan/PAPERS/ldbma27.pdf} (accessed March 26, 2011)},
	Owner = {jacobmontgomery},
	Timestamp = {2011.06.14},
	Title = {Dynamic Logistic Regression and Dynamic Model Averaging for Binary Classification},
	Year = {2011},
	Bdsk-Url-1 = {http://www.stat.columbia.edu/~madigan/PAPERS/ldbma27.pdf}}

@book{mclachlan:peel:2000,
	Address = {New York, NY},
	Author = {Geoffrey McLachlan and David Peel},
	Date-Added = {2012-08-10 17:09:00 +0000},
	Date-Modified = {2012-08-10 17:10:17 +0000},
	Publisher = {John Wiley \& Sons, Ltd},
	Title = {Finite Mixture Models},
	Year = {2000}}

@article{Min:2006,
	Author = {Min, Seung-Ki and Hense, Andreas},
	Journal = {Geophysical Research Letters},
	Number = {8},
	Pages = {L08708},
	Publisher = {American Geophysical Union},
	Title = {A {B}ayesian Approach to Climate Model Evaluation and Multi-Model Averaging with an Application to Global Mean Surface Temperatures from {IPCC AR4} Coupled Climate Models},
	Volume = {33},
	Year = {2006}}

@article{Min:2007,
	Author = {Min, Seung-Ki and Simonis, Daniel and Hense, Andreas},
	Journal = {Philosophical Transactions of the Royal Society A: Mathematical, Physical and Engineering Sciences},
	Number = {1857},
	Pages = {2103-2116},
	Publisher = {The Royal Society},
	Title = {Probabilistic Climate Change Predictions Applying {B}ayesian Model Averaging},
	Volume = {365},
	Year = {2007}}

@article{Montgomery:etal:1998,
	Author = {Montgomery, Alan L. and Zarnowitz, Victor and Tsay, Ruey and Tiaom George},
	Date-Added = {2012-08-12 21:29:09 +0000},
	Date-Modified = {2012-08-12 21:30:42 +0000},
	Journal = {Journal of the American Statistical Association},
	Number = {442},
	Pages = {478-493},
	Title = {Forecasting the U.S. Unemployement Rate},
	Volume = {93},
	Year = {1998}}

@article{mhw:2012,
	Author = {Jacob M. Montgomery and Florian Hollenbach and Michael D. Ward},
	Date-Added = {2012-08-10 16:54:10 +0000},
	Date-Modified = {2012-08-10 16:56:43 +0000},
	Journal = {Political Analysis},
	Month = {Summer},
	Number = {3},
	Pages = {271-291},
	Title = {Improving Predictions Using Ensemble Bayesian Model Averaging},
	Volume = {20},
	Year = {2012}}

@misc{Montgomery:2012,
	Author = {Jacob M. Montgomery and Florian Hollenbach and MIchael D. Ward},
	Note = {http://hdl.handle.net/1902.1/17286 IQSS Dataverse Network},
	Owner = {jacobmontgomery},
	Timestamp = {2012.01.12},
	Title = {{"Replication data for: Improving Predictions Using Ensemble Bayesian Model Averaging"}},
	Year = {2012}}

@standard{Montgomery:2012b,
	Author = {Jacob M. Montgomery and Florian Hollenbach and Michael D. Ward},
	Organization = {IQSS Dataverse Network},
	Owner = {jacobmontgomery},
	Timestamp = {2012.01.12},
	Title = {Replication data for: Improving Predictions Using Ensemble Bayesian Model Averaging},
	Url = {http://hdl.handle.net/1902.1/17286},
	Year = {2012},
	Bdsk-Url-1 = {http://hdl.handle.net/1902.1/17286}}

@article{Montgomery:2012c,
	Author = {Montgomery, Jacob M. and Florian Hollenbach and Michael D. Ward},
	Journal = {PS: Political Science \& Politics},
	Number = {4},
	Owner = {jmontgomery},
	Pages = {651-654},
	Timestamp = {2013.01.16},
	Title = {Ensemble Predictions of the 2012 US Presidential Election},
	Volume = {45},
	Year = {2012}}

@article{Montgomery:2010c,
	Author = {Montgomery, Jacob M. and Nyhan, Brendan},
	Issn = {1047-1987},
	Journal = {Political Analysis},
	Number = {2},
	Pages = {245--270},
	Publisher = {SPM-PMSAPSA},
	Title = {Bayesian Model Averaging: Theoretical Developments and Practical Applications},
	Volume = {18},
	Year = {2010}}

@article{Muhlbaier:2007,
	Author = {Muhlbaier, Michael D. and Polikar, Robi},
	Journal = {Multiple Classifier Systems},
	Pages = {490--500},
	Publisher = {Springer},
	Title = {An Ensemble Approach for Incremental Learning in Nonstationary Environments},
	Volume = {4472},
	Year = {2007}}

@article{Norpoth:2008,
	Author = {Norpoth, Helmut},
	Date-Added = {2011-03-07 12:41:03 -0500},
	Date-Modified = {2011-03-07 12:41:56 -0500},
	Journal = {PS: Political Science \& Politics},
	Number = {4},
	Pages = {683-686},
	Title = {On the Razor's Edge: The Forecast of the Primary Model},
	Volume = {41},
	Year = {2008}}

@article{OBrien:2010,
	Author = {O'Brien, Sean P.},
	Date-Added = {2011-03-04 19:04:02 -0500},
	Date-Modified = {2011-03-04 19:08:39 -0500},
	Journal = {International Studies Review},
	Number = {1},
	Pages = {87-104},
	Title = {Crisis Early Warning and Decision Support: Contemporary Approaches and Thoughts on Future Research},
	Volume = {12},
	Year = {2010}}

@article{OBrien:2002,
	Author = {O'Brien, Sean P.},
	Date-Added = {2011-03-04 19:37:24 -0500},
	Date-Modified = {2011-03-04 19:39:26 -0500},
	Journal = {Journal of Conflict Resolution},
	Number = {6},
	Pages = {791-811},
	Title = {Anticipating the Good, the Bad, and the Ugly: An Early Warning Approach to Conflict and Instability Analysis},
	Volume = {46},
	Year = {2002}}

@article{ODonnel_1988,
	Author = {O'Donnel, Guillermo},
	Date-Added = {2011-10-09 15:47:15 -0400},
	Date-Modified = {2011-10-09 15:48:35 -0400},
	Journal = {World Policy Journal},
	Number = {2},
	Pages = {281-300},
	Title = {Challenges to Democratization in Brazil},
	Volume = {5},
	Year = {1988},
	Bdsk-File-1 = {YnBsaXN0MDDUAQIDBAUIJidUJHRvcFgkb2JqZWN0c1gkdmVyc2lvblkkYXJjaGl2ZXLRBgdUcm9vdIABqAkKFRYXGyIjVSRudWxs0wsMDQ4RFFpOUy5vYmplY3RzV05TLmtleXNWJGNsYXNzog8QgASABqISE4ACgAOAB1lhbGlhc0RhdGFccmVsYXRpdmVQYXRo0hgNGRpXTlMuZGF0YU8RAfAAAAAAAfAAAgAADE1hY2ludG9zaCBIRAAAAAAAAAAAAAAAAAAAAM0TcFVIKwAAAAVN+x9PRG9ubmVsX1dvcmxkUG9saWN5Sm8jODI5RDYucGRmAAAAAAAAAAAAAAAAAAAAAAAAAAAAAAAAAAAAAAAAAAAACCnWyrdyEgAAAAAAAAAAAAUAAwAACSAAAAAAAAAAAAAAAAAAAAAGUGFwZXJzABAACAAAzRO2pQAAABEACAAAyreqUgAAAAEAEAAFTfsABU1zAAUzfAAAwBcAAgBXTWFjaW50b3NoIEhEOlVzZXJzOgBmbG9yaWFuaG9sbGVuYmFjaDoARHJvcGJveDoAUGFwZXJzOgBPRG9ubmVsX1dvcmxkUG9saWN5Sm8jODI5RDYucGRmAAAOAEgAIwBPAEQAbwBuAG4AZQBsAF8AVwBvAHIAbABkAFAAbwBsAGkAYwB5AEoAbwB1AHIAbgBhAGwAXwAxADkAOAA4AC4AcABkAGYADwAaAAwATQBhAGMAaQBuAHQAbwBzAGgAIABIAEQAEgBKVXNlcnMvZmxvcmlhbmhvbGxlbmJhY2gvRHJvcGJveC9QYXBlcnMvT0Rvbm5lbF9Xb3JsZFBvbGljeUpvdXJuYWxfMTk4OC5wZGYAEwABLwAAFQACABj//wAAgAXSHB0eH1gkY2xhc3Nlc1okY2xhc3NuYW1lox8gIV1OU011dGFibGVEYXRhVk5TRGF0YVhOU09iamVjdF8QQS4uLy4uLy4uLy4uLy4uL0Ryb3Bib3gvUGFwZXJzL09Eb25uZWxfV29ybGRQb2xpY3lKb3VybmFsXzE5ODgucGRm0hwdJCWiJSFcTlNEaWN0aW9uYXJ5EgABhqBfEA9OU0tleWVkQXJjaGl2ZXIACAARABYAHwAoADIANQA6ADwARQBLAFIAXQBlAGwAbwBxAHMAdgB4AHoAfACGAJMAmACgApQClgKbAqQCrwKzAsECyALRAxUDGgMdAyoDLwAAAAAAAAIBAAAAAAAAACgAAAAAAAAAAAAAAAAAAANB}}

@book{Page:2011,
	Address = {Princeton,N.J.},
	Author = {Scott E. Page},
	Date-Modified = {2011-09-30 14:45:51 -0400},
	Owner = {jmontgomery},
	Publisher = {Princeton University Press},
	Timestamp = {2011.09.28},
	Title = {Diversity and Complexity},
	Year = {2011}}

@article{Page:2008,
	Author = {Scott E. Page},
	Journal = {Journal of Theoretical Politics},
	Number = {2},
	Owner = {jmontgomery},
	Pages = {115-149},
	Timestamp = {2011.09.28},
	Title = {Uncertainty, Difficulty, and Complexity},
	Volume = {20},
	Year = {2008}}

@article{Page:2007,
	Author = {Scott E. Page and Leonard M. Sander and Casey M. Schneider-Mizell},
	Date-Modified = {2011-09-30 14:46:20 -0400},
	Journal = {Journal of Statistical Physics},
	Number = {6},
	Owner = {jmontgomery},
	Pages = {1279-1287},
	Timestamp = {2011.09.28},
	Title = {Conformity and Dissonance in Generalized Voter Models},
	Volume = {128},
	Year = {2007}}

@article{Palm:Zellner:1992,
	Author = {Palm, Franz C. and Zellner, Arnold},
	Date-Added = {2012-08-12 22:40:22 +0000},
	Date-Modified = {2012-08-12 22:41:32 +0000},
	Journal = {Journal of Forecasting},
	Number = {8},
	Pages = {687-701},
	Title = {To Combine of Not to Combine? Issues of Combining Forecasts},
	Volume = {11},
	Year = {1992}}

@article{Pevehouse:Goldstein:1999,
	Author = {Pevehouse, Jon C. and Goldstein, Joshua S.},
	Date-Added = {2011-03-05 11:35:36 -0500},
	Date-Modified = {2011-03-05 11:38:22 -0500},
	Journal = {The Journal of Conflict Resolution},
	Number = {4},
	Pages = {538-546},
	Title = {Serbian Compliance or Defiance in {Kosovo? Statistical} Analysis and Real-Time Predictions},
	Volume = {43},
	Year = {1999}}

@article{Pitt:2002b,
	Author = {Mark A. Pitt and In Jae Myung},
	Date-Added = {2011-06-10 10:50:12 -0400},
	Date-Modified = {2011-06-14 15:15:41 -0400},
	Journal = {TRENDS in Cognitive Sciences},
	Number = {10},
	Owner = {jacobmontgomery},
	Pages = {421-425},
	Timestamp = {2011.06.09},
	Title = {When a Good Fit Can Be Bad},
	Volume = {6},
	Year = {2002}}

@article{Pitt:2002a,
	Author = {Mark A. Pitt and In Jae Myung and Shaobo Zhang},
	Date-Added = {2011-06-10 10:49:59 -0400},
	Date-Modified = {2011-06-10 10:49:59 -0400},
	Journal = {Psychological Review},
	Number = {3},
	Owner = {jacobmontgomery},
	Pages = {472-491},
	Timestamp = {2011.06.09},
	Title = {Toward a Method of Selecting Among Computational Models of Cognition},
	Volume = {109},
	Year = {2002}}

@book{Profeta_Scabrosetti_2010,
	Address = {Cheltenham, UK},
	Author = {Profeta, Paola and Scabrosetti, Simona},
	Date-Added = {2011-10-09 16:43:16 -0400},
	Date-Modified = {2011-10-09 16:45:05 -0400},
	Publisher = {Edward Elgar},
	Title = {The Political Economy of Taxation: Lessons from Developing Countries},
	Year = {2010}}

@article{Raftery:1995,
	Author = {Raftery, Adrian E.},
	Date-Modified = {2011-06-08 09:29:36 -0400},
	Journal = {Sociological Methodology},
	Number = {1},
	Pages = {111--163},
	Publisher = {JSTOR},
	Title = {Bayesian Model Selection in Social Research},
	Volume = {25},
	Year = {1995}}

@article{Raftery:2005,
	Author = {Raftery, Adrian E. and Gneiting, Tilmann and Balabdaoui, Fadoua and Polakowski, Michael},
	Date-Modified = {2011-06-10 10:59:53 -0400},
	Issn = {0027-0644},
	Journal = {Monthly Weather Review},
	Number = {5},
	Pages = {1155--1174},
	Publisher = {Citeseer},
	Title = {Using {B}ayesian Model Averaging to Calibrate Forecast Ensembles},
	Volume = {133},
	Year = {2005}}

@article{Raftery:2010,
	Author = {Raftery, Adrian E. and K{\'a}rn{\`y}, Miroslav and Ettler, Pavel},
	Journal = {Technometrics},
	Number = {1},
	Pages = {52--66},
	Publisher = {NIH Public Access},
	Title = {Online Prediction Under Model Uncertainty via Dynamic Model Averaging: Application to a Cold Rolling Mill},
	Volume = {52},
	Year = {2010}}

@article{Raftery:2003,
	Author = {Raftery, Adrian E. and Zheng, Yingye},
	Issn = {0162-1459},
	Journal = {Journal of the American Statistical Association},
	Number = {464},
	Pages = {931--938},
	Publisher = {ASA},
	Title = {Long-run Performance of {B}ayesian Model Averaging},
	Volume = {98},
	Year = {2003}}

@article{Rakove_1997,
	Author = {Rakove, Jack},
	Date-Added = {2011-09-29 19:02:55 -0400},
	Date-Modified = {2011-09-29 19:02:55 -0400},
	Journal = {Stanford Law Review},
	Number = {6},
	Pages = {1031-1064},
	Title = {The Origins of Judicial Review: A Plea for New Contexts},
	Volume = {49},
	Year = {1997}}

@article{Richards_Kritzer_2002,
	Author = {Richards, Mark J. and Kritzer, Herbert M.},
	Date-Added = {2011-09-29 19:02:55 -0400},
	Date-Modified = {2011-09-30 14:47:41 -0400},
	Journal = {The American Political Science Review},
	Number = {2},
	Pages = {305-320},
	Title = {Jurisprudential Regimes in {S}upreme {C}ourt Decision Making},
	Volume = {96},
	Year = {2002}}

@book{Rosenstone:1983,
	Address = {New Haven, CT},
	Author = {Rosenstone, Steven J.},
	Date-Added = {2011-12-15 15:14:09 -0500},
	Date-Modified = {2011-12-15 15:14:09 -0500},
	Publisher = {Yale University Press},
	Title = {Forecasting Presidential Elections},
	Year = {1983}}

@article{Ruger:2004,
	Author = {Ruger, Theadore W. and Kim, Pauline T. and Martin, Andrew D. and Quinn, Kevin M.},
	Date-Modified = {2011-06-16 11:53:31 -0400},
	Issn = {0010-1958},
	Journal = {Columbia Law Review},
	Number = {4},
	Pages = {1150--1210},
	Publisher = {JSTOR},
	Title = {The {Supreme Court Forecasting Project}: {L}egal and Political Science Approaches to Predicting Supreme Court Decisionmaking},
	Volume = {104},
	Year = {2004}}

@article{Rustad_etal_2011,
	Author = {Rustad, Siri Camilla Aas and Buhaug, Halvard and Falch, Ashild and Gates, Scott},
	Date-Added = {2011-04-14 12:04:22 -0400},
	Date-Modified = {2011-04-14 12:05:53 -0400},
	Journal = {Conflict Management and Peace Science},
	Number = {1},
	Pages = {15-40},
	Title = {All Conflict is Local: Modeling Sub-National Variation in Civil Conflict Risk},
	Volume = {28},
	Year = {2011}}

@article{Schneider_etal_2011,
	Author = {Schneider, Gerald and Gleditsch, Nils Petter and Carey, Sabine},
	Date-Added = {2011-04-14 11:57:51 -0400},
	Date-Modified = {2011-04-14 12:00:11 -0400},
	Journal = {Conflict Management and Peace Science},
	Number = {1},
	Pages = {5-14},
	Title = {Forecasting in International Relations: One Quest, Three Approaches},
	Volume = {28},
	Year = {2011}}

@article{Schrodt:Gerner:2000,
	Author = {Schrodt, Philip A. and Gerner, Deborah J.},
	Date-Added = {2011-03-05 11:40:01 -0500},
	Date-Modified = {2011-03-05 11:41:10 -0500},
	Journal = {American Political Science Review},
	Number = {4},
	Pages = {803-818},
	Title = {Using Cluster Analysis to Derive Early Warning Indicators for Political Change in the {Middle East}, 1979-1996},
	Volume = {94},
	Year = {2000}}

@article{Segal_Cover_1989,
	Author = {Segal, Jeffrey A. and Cover, Albert D.},
	Date-Added = {2011-09-29 19:02:55 -0400},
	Date-Modified = {2011-09-30 14:51:30 -0400},
	Journal = {The American Political Science Review},
	Number = {2},
	Pages = {557-565},
	Title = {Ideological Values and the Votes of {U}.{S}. {S}upreme {C}ourt {J}ustices},
	Volume = {83},
	Year = {1989}}

@book{Singer:Wallace:1979,
	Address = {Beverly Hills, CA},
	Author = {Singer, J. David and Wallace, Michael D.},
	Date-Added = {2011-03-05 11:18:54 -0500},
	Date-Modified = {2011-06-06 17:20:34 -0400},
	Publisher = {Sage Publications},
	Title = {To Augur Well: Early Warning Indicators in World Politics},
	Year = {1979}}

@article{Sloughter:2010,
	Author = {Sloughter, J. McLean and Gneiting, Tilmann and Raftery, Adrian E.},
	Date-Modified = {2011-06-08 09:30:51 -0400},
	Issn = {0162-1459},
	Journal = {Journal of the American Statistical Association},
	Number = {489},
	Pages = {25--35},
	Publisher = {ASA},
	Title = {Probabilistic Wind Speed Forecasting Using Ensembles and {B}ayesian Model Averaging},
	Volume = {105},
	Year = {2010}}

@article{Sloughter:2007,
	Author = {Sloughter, J. McLean and Raftery, Adrian E. and Gneiting, Tilmann and Fraley, Chris},
	Date-Modified = {2011-06-08 09:33:57 -0400},
	Issn = {0027-0644},
	Journal = {Monthly Weather Review},
	Number = {9},
	Pages = {3209--3220},
	Publisher = {Citeseer},
	Title = {Probabilistic Quantitative Precipitation Forecasting Using {B}ayesian Model Averaging},
	Volume = {135},
	Year = {2007}}

@article{Smith:2009,
	Author = {Smith, Richard L. and Tebaldi, Claudia and Nychka, Doug and Mearns, Linda O.},
	Journal = {Journal of the American Statistical Association},
	Number = {485},
	Pages = {97--116},
	Publisher = {ASA},
	Title = {Bayesian Modeling of Uncertainty in Ensembles of Climate Models},
	Volume = {104},
	Year = {2009}}

@article{Songer_etal_1994,
	Author = {Songer, Donald R. and Segal, Jeffrey A. and Cameron, Charles M.},
	Date-Added = {2011-09-29 19:02:55 -0400},
	Date-Modified = {2011-09-30 14:48:40 -0400},
	Journal = {American Journal of Political Science},
	Number = {3},
	Pages = {673-696},
	Title = {The Hierarchy of Justice: Testing a Principal-Agent Model of {S}upreme {C}ourt-Circuit Court Interactions},
	Volume = {38},
	Year = {1994}}

@article{Spiegelhalter:2002,
	Author = {Spiegelhalter, David J. and Best, Nicola G. and Carlin, Bradley P. and Van der Linde, Angelika},
	Journal = {Journal of the Royal Statistical Society. Series B (Statistical Methodology)},
	Number = {4},
	Pages = {583--639},
	Title = {Bayesian Measures of Model Complexity and Fit},
	Volume = {64},
	Year = {2002}}

@book{Spirtes:2000,
	Address = {Cambridge, MA},
	Author = {Spirtes, Peter and Glymour, Clark N. and Scheines, Richard},
	Publisher = {MIT Press},
	Title = {Causation, Prediction, and Search},
	Volume = {81},
	Year = {2000}}

@article{Surowiecki:2004,
	Author = {Surowiecki, J.},
	Journal = {Economies, Societies and Nations},
	Title = {The Wisdom of Crowds: Why the Many Are Smarter Than the Few and How Collective Wisdom Shapes Business},
	Year = {2004}}

@incollection{Tanzi_2008,
	Address = {New York, NY},
	Author = {Tanzi, Vitor},
	Booktitle = {Tax Systems and Tax Reforms in Latin America},
	Chapter = {1},
	Date-Added = {2011-10-09 17:13:16 -0400},
	Date-Modified = {2011-10-09 17:18:39 -0400},
	Editor = {Bernardi, Luigi and Barreix, Alberto and Marenzi, Anna and Profeta, Paola},
	Pages = {1-16},
	Publisher = {Routledge},
	Title = {Introduction: Tax Systems and Tax Reforms in Latin America},
	Year = {2008}}

@unpublished{Tomas:2011,
	Author = {Amber Tomas},
	Date-Modified = {2011-06-14 13:57:56 -0400},
	Note = {Working Paper. \url{http://www.stats.ox.ac.uk/~tomas/html_links/T2011.pdf} (accessed June 1, 2011)},
	Owner = {jacobmontgomery},
	Timestamp = {2011.06.14},
	Title = {A Dynamic Logistic Multiple Classifier System for Online Classification},
	Year = {2011},
	Bdsk-Url-1 = {http://www.stats.ox.ac.uk/~tomas/html_links/T2011.pdf}}

@unpublished{Ulfelder:2012,
	Author = {Ulfelder, Jay},
	Note = {Paper presented at the annual Northeast Political Methodology Meeting at New York University .},
	Owner = {jmontgomery},
	Timestamp = {2013.01.16},
	Title = {Forecasting Onset of Mass Killings},
	Year = {2012}}

@article{Vanberg_1998,
	Author = {Vanberg, Georg},
	Date-Added = {2011-09-29 19:02:55 -0400},
	Date-Modified = {2011-09-29 19:02:55 -0400},
	Journal = {Journal of Theoretical Politics},
	Pages = {299-326},
	Title = {Abstract Judicial Review, Legislative Bargaining, and Policy Compromise},
	Volume = {10},
	Year = {1998}}

@article{Vanberg_2002,
	Author = {Vanberg, Georg and Rogers, James},
	Date-Added = {2011-09-29 19:02:55 -0400},
	Date-Modified = {2011-09-29 19:02:55 -0400},
	Journal = {American Journal of Political Science},
	Number = {2},
	Pages = {379-397},
	Title = {Judicial Advisory Opinions and Legislative Outcomes in Comparative Perspective},
	Volume = {46},
	Year = {2002}}

@article{Vincent:1980,
	Author = {Vincent, Jack E.},
	Date-Added = {2011-03-05 11:21:15 -0500},
	Date-Modified = {2011-03-05 11:22:15 -0500},
	Journal = {International Studies Quarterly},
	Number = {3},
	Pages = {450-454},
	Title = {Scientific Prediction versus Crystal Ball Gazing: Can the Unknown be Known?},
	Volume = {24},
	Year = {1980}}

@article{Vrugt:2006,
	Author = {Vrugt, Jasper A. and Clark, Martyn P. and Diks, Cees G.H. and Duan, Qinyun and Robinson, Bruce A.},
	Date-Modified = {2011-06-14 13:58:45 -0400},
	Journal = {Geophysical Research Letters},
	Pages = {L19817},
	Title = {Multi-Objective Calibration of Forecast Ensembles Using {B}ayesian Model Averaging},
	Volume = {33},
	Year = {2006}}

@article{Vrugt:2008,
	Author = {Vrugt, Jasper A. and Diks, Cees G.H. and Clark, Martyn P.},
	Journal = {Environmental Fluid Mechanics},
	Number = {5},
	Pages = {579--595},
	Publisher = {Springer},
	Title = {Ensemble {B}ayesian Model Averaging Using {M}arkov Chain {M}onte {C}arlo Sampling},
	Volume = {8},
	Year = {2008}}

@article{wgb:2010,
	Author = {Michael D. Ward and Brian D. Greenhill and Kristin M. Bakke},
	Date-Added = {2011-06-09 14:09:12 -0700},
	Date-Modified = {2011-06-09 14:09:12 -0700},
	Journal = {Journal of Peace Research},
	Number = {4},
	Pages = {363-375},
	Title = {The Perils of Policy by p-value: Predicting Civil Conflict},
	Volume = {47},
	Year = {2010}}

@article{Ward:etal:2007,
	Author = {Ward, Michael D. and Siverson, Randolph M. and Cao, Xun},
	Date-Added = {2011-03-05 11:58:16 -0500},
	Date-Modified = {2011-03-05 11:59:38 -0500},
	Journal = {American Journal of Political Science},
	Number = {3},
	Pages = {583-601},
	Title = {Disputes, Democracies, and Dependencies: A Re-examination of the {Kantian} Peace},
	Volume = {51},
	Year = {2007}}

@article{Whitely:2005,
	Author = {Whiteley, Paul F.},
	Journal = {The British Journal of Politics \& International Relations},
	Number = {2},
	Owner = {jacobmontgomery},
	Pages = {165-173},
	Timestamp = {2011.05.11},
	Title = {Forecasting Seats from Votes in {British} General Elections},
	Volume = {7},
	Year = {2005}}

@article{Wright:2009,
	Author = {Jonathan H. Wright},
	Date-Modified = {2011-06-16 11:36:11 -0400},
	Journal = {Journal of Forecasting},
	Number = {2},
	Owner = {jacobmontgomery},
	Pages = {131-144},
	Timestamp = {2011.06.14},
	Title = {Forecasting {US} Inflation by {B}ayesian Model Averaging},
	Volume = {28},
	Year = {2009}}

@article{Wright:2008,
	Author = {Jonathan H. Wright},
	Date-Modified = {2011-06-16 11:35:44 -0400},
	Journal = {Journal of Econometrics},
	Number = {2},
	Owner = {jacobmontgomery},
	Pages = {329-341},
	Timestamp = {2011.06.14},
	Title = {Bayesian Model Averaging and Exchange Rate Forecasts},
	Volume = {146},
	Year = {2008}}

@article{Zhang:2009,
	Author = {Zhang, Xuesong and Srinivasan, Raghavan and Bosch, David},
	Date-Modified = {2011-06-14 13:59:29 -0400},
	Journal = {Journal of Hydrology},
	Number = {3-4},
	Pages = {307--317},
	Publisher = {Elsevier},
	Title = {Calibration and Uncertainty Analysis of the {SWAT} Model Using Genetic Algorithms and {B}ayesian Model Averaging},
	Volume = {374},
	Year = {2009}}

@book{Choucri:Robinson:1978,
	Address = {San Francisco, CA},
	Date-Added = {2011-03-05 11:14:35 -0500},
	Date-Modified = {2011-09-30 14:25:11 -0400},
	Editor = {Choucri, Nazli and Robinson, Thomas W.},
	Publisher = {W.H. Freeman},
	Title = {Forecasting in International Relations: Theory, Methods, Problems, Prospects},
	Year = {1978}}
=======
% This file was created with JabRef 2.6.
% Encoding: MacRoman

@BOOK{Pool:1964,
  title = {Candidates, issues, and strategies : a computer simulation of the
	1960 and 1964 Presidential elections},
  publisher = {MIT Press},
  year = {1964},
  author = {{de Sola Pool}, Ithiel and Abelson, Robert P. and Popkin, Samuel
	L.},
  address = {Cambridge, MA},
  date-added = {2011-12-15 15:14:09 -0500},
  date-modified = {2011-12-15 15:15:42 -0500}
}

@ARTICLE{Abramowitz:2008,
  author = {Abramowitz, Alan I.},
  title = {Forecasting the 2008 Presidential Election with the Time-for-Change
	Model},
  journal = {PS: Political Science \& Politics},
  year = {2008},
  volume = {41},
  pages = {691-695},
  number = {4},
  date-added = {2011-03-07 12:43:07 -0500},
  date-modified = {2011-03-07 12:44:05 -0500}
}

@ARTICLE{Andriole:Young:1977,
  author = {Andriole, Stephen J. and Young, Robert A.},
  title = {Toward the Development of an Integrated Crisis Warning System},
  journal = {International Studies Quarterly},
  year = {1977},
  volume = {21},
  pages = {107-150},
  number = {1},
  date-added = {2011-03-05 11:07:57 -0500},
  date-modified = {2011-03-05 11:09:58 -0500}
}

@INCOLLECTION{Armstrong:2001,
  author = {Armstrong, J. Scott},
  title = {Combining Forecasts},
  booktitle = {Principles of Forecasting: A Handbook for Researchers and Practitioners},
  publisher = {Kluwer Academic Publishers},
  year = {2001},
  editor = {J. Scott Armstrong},
  address = {Norwell, MA},
  owner = {jacobmontgomery},
  timestamp = {2011.05.12}
}

@BOOK{Ascher:1979,
  title = {Forecasting, an Appraisal for Policy-Makers and Planners},
  publisher = {Johns Hopkins University Press},
  year = {1979},
  author = {William Ascher},
  address = {Baltimore, MD},
  owner = {jacobmontgomery},
  timestamp = {2011.06.15}
}

@ARTICLE{Author:2020,
  author = {Anne Author},
  title = {Publication},
  journal = {Yet another Journal of Publications},
  year = {2020},
  volume = {1},
  pages = {1-100},
  number = {1},
  owner = {jacobmontgomery},
  timestamp = {2011.06.16}
}

@ARTICLE{Author:2020b,
  author = {Anne Author and Another Co Author},
  title = {Yet another publication},
  journal = {Journal of Publications},
  year = {2020},
  volume = {1},
  pages = {1-100},
  number = {1},
  owner = {jacobmontgomery},
  timestamp = {2011.06.16}
}

@ARTICLE{Baghestani:2008,
  author = {Baghestani, Hamid},
  title = {Federal Reserve versus private information: Who is the best unemployment
	rate predictor?},
  journal = {Journal of Policy Modeling},
  year = {2008},
  volume = {30},
  pages = {101-110},
  number = {1},
  date-added = {2012-08-13 16:57:21 +0000},
  date-modified = {2012-08-13 16:58:28 +0000}
}

@ARTICLE{Bartels:1997,
  author = {Bartels, Larry M.},
  title = {Specification Uncertainty and Model Averaging},
  journal = {American Journal of Political Science},
  year = {1997},
  volume = {41},
  pages = {641-674},
  number = {2},
  date-modified = {2011-06-14 14:56:18 -0400},
  have = {haveyes},
  keywords = {econometrics, specification},
  projects = {teaching, ps205}
}

@ARTICLE{Bartels:2001,
  author = {Bartels, Larry M. and Zaller, John},
  title = {Presidential Vote Models: A Recount},
  journal = {PS: Political Science and Politics},
  year = {2001},
  volume = {34},
  pages = {9--20},
  number = {1},
  date-modified = {2011-06-10 11:01:24 -0400},
  issn = {1049-0965},
  publisher = {Cambridge Univ Press}
}

@ARTICLE{Bates:1969,
  author = {Bates, J.M. and Granger, Clive W.J.},
  title = {The Combination of Forecasts},
  journal = {Operations Research},
  year = {1969},
  volume = {20},
  pages = {451--468},
  number = {4},
  date-modified = {2012-01-18 13:45:53 -0500},
  publisher = {JSTOR}
}

@ARTICLE{Baum_2003,
  author = {Baum, Lawrence},
  title = {The {S}upreme {C}ourt in {A}merican Politics},
  journal = {Annual Review of Political Science},
  year = {2003},
  volume = {6},
  pages = {161-180},
  date-added = {2011-09-29 19:02:55 -0400},
  date-modified = {2011-09-30 14:17:31 -0400}
}

@ARTICLE{Beck:etal:2004,
  author = {Beck, Nathaniel and King, Gary and Zeng, Langche},
  title = {Theory and Evidence in International Conflict: A Response to de Marchi,
	Gelpi and Grynaviski},
  journal = {American Political Science Review},
  year = {2004},
  volume = {98},
  pages = {379-389},
  number = {2},
  date-added = {2011-03-04 20:18:22 -0500},
  date-modified = {2011-03-04 20:19:54 -0500}
}

@ARTICLE{Bennett:Stam:2009,
  author = {Bennett, D. Scott and Stam, Allan C.},
  title = {Revisiting Predictions of War Duration},
  journal = {Conflict Management and Peace Science},
  year = {2009},
  volume = {26},
  pages = {256-267},
  number = {3},
  date-added = {2011-03-05 12:45:24 -0500},
  date-modified = {2011-03-05 12:46:47 -0500}
}

@ARTICLE{berg:2008,
  author = {Berg, Joyce E. and Nelson, Forrest D. and Rietz, Thomas A.},
  title = {Prediction Market Accuracy in the Long Run},
  journal = {International Journal of Forecasting},
  year = {2008},
  volume = {24},
  pages = {285-300},
  number = {2},
  date-added = {2011-12-15 16:18:04 -0500},
  date-modified = {2011-12-15 16:22:49 -0500}
}

@ARTICLE{Berrocal:2010,
  author = {Berrocal, Veronica J. and Raftery, Arian E. and Gneiting, Tilmann
	and Steed, Richard C.},
  title = {Probabilistic Weather Forecasting for Winter Road Maintenance},
  journal = {Journal of the American Statistical Association},
  year = {2010},
  volume = {105},
  pages = {522--537},
  number = {490},
  publisher = {ASA}
}

@UNPUBLISHED{Billio:2011,
  author = {Billio, Monica and Casarin, Roberto and Ravazzolo, Francesco and
	Van Dijk, Herman K.},
  title = {Bayesian Combinations of Stock Price Predictions with an Application
	to the {A}msterdam Exchange Index},
  note = {Tinbergen Institute Discussion Paper No. 2011-082/4. \url{http://www.tinbergen.nl/discussionpapers/11082.pdf}
	(accessed June 1, 2011)},
  year = {2011},
  date-modified = {2011-06-14 14:59:18 -0400}
}

@UNPUBLISHED{Billio:2010,
  author = {Billio, Monica and Casarin, Roberto and Ravazzolo, Francesco and
	Van Dijk, Herman K.},
  title = {Combining Predictive Densities Using {B}ayesian Filtering with Applications
	to {US} Economics Data},
  note = {Norges Bank Working Paper. \url{http://ssrn.com/abstract=1735421}
	(accessed June 1, 2011)},
  year = {2010},
  bdsk-url-1 = {http://ssrn.com/abstract=1735421},
  date-modified = {2011-06-14 13:27:25 -0400},
  publisher = {Norges Bank}
}

@ARTICLE{BjornlandEtAl:2011,
  author = {Bj\ornland, Hilde C. and Gerdrup, Karsten and Jore, Anne Sofie and
	Smith, Christie and Thorsrud, Leif Anders},
  title = {Weights and Pools for a Norwegian Density Combination},
  journal = {North American Journal of Economics and Finance},
  year = {2011},
  volume = {22},
  pages = {61-76},
  number = {1},
  date-added = {2013-01-21 16:15:55 +0000},
  date-modified = {2013-01-21 17:03:22 +0000}
}

@ARTICLE{Brandt:etal:2008,
  author = {Brandt, Patrick T. and Colaresi, Michael and Freeman, John R.},
  title = {The Dynamics of Reciprocity, Accountability, and Credibility},
  journal = {The Journal of Conflict Resolution},
  year = {2008},
  volume = {52},
  pages = {343-374},
  number = {3},
  date-added = {2011-03-05 12:41:52 -0500},
  date-modified = {2011-03-05 12:44:08 -0500}
}

@UNPUBLISHED{brandt:freeman:schrodt:2011,
  author = {Patrick T. Brandt and John R. Freeman and Philip A. Schrodt},
  title = {Racing Horses: Constructing and Evaluating Forecasts in Political
	Science},
  note = {Paper prepared for the 28th Annual Summer Meeting of the Society
	for Political Methodology. \url{http://polmeth.wustl.edu/media/Paper/RHMethods20110721small_1.pdf}
	(accessed August 20, 2011)},
  month = {July},
  year = {2011},
  date-added = {2011-06-29 16:29:28 -0400},
  date-modified = {2011-09-30 14:20:06 -0400},
  number = {July 28-30},
  owner = {jacobmontgomery},
  pages = {1-52},
  timestamp = {2011.09.29},
  volume = {Princeton University}
}

@ARTICLE{Brandt_etal_2011,
  author = {Brandt, Patrick T. and Freeman, John R. and Schrodt, Philip A.},
  title = {Real Time, Time Series Forecasting of Inter- and Intra-State Political
	Conflict},
  journal = {Conflict Management and Peace Science},
  year = {2011},
  volume = {28},
  pages = {41-64},
  number = {1},
  date-added = {2011-04-14 12:00:29 -0400},
  date-modified = {2011-04-14 12:01:34 -0400}
}

@ARTICLE{Breiman:2001,
  author = {Breiman, L.},
  title = {Random forests},
  journal = {Machine Learning},
  year = {2001},
  volume = {45},
  pages = {5-32},
  owner = {jmontgomery},
  timestamp = {2013.01.16}
}

@ARTICLE{Breiman:1996,
  author = {Breiman, L.},
  title = {Bagging predictors.},
  journal = {Machine Learning},
  year = {1996},
  volume = {26},
  pages = {123-140},
  owner = {jmontgomery},
  timestamp = {2013.01.16}
}

@ARTICLE{Brier:1950,
  author = {Brier, Glenn W.},
  title = {Verification of Forecasts Expressed in Terms of Probability},
  journal = {Monthly Weather Review},
  year = {1950},
  volume = {78},
  pages = {1-3},
  number = {1},
  date-added = {2011-03-06 13:30:44 -0500},
  date-modified = {2011-03-06 13:31:58 -0500}
}

@ARTICLE{Brock:2007,
  author = {Brock, William A. and Durlauf, Steven N. and West, Kenneth D.},
  title = {Model Uncertainty and Policy Evaluation: Some Theory and Empirics},
  journal = {Journal of Econometrics},
  year = {2007},
  volume = {136},
  pages = {629--664},
  number = {2},
  publisher = {Elsevier}
}

@ARTICLE{Brown:1999,
  author = {Brown, Lloyd B. and Chappell, Henry W.},
  title = {Forecasting Presidential Elections Using History and Polls},
  journal = {International Journal of Forecasting},
  year = {1999},
  volume = {15},
  pages = {127--135},
  number = {2},
  date-modified = {2011-06-14 13:33:22 -0400},
  publisher = {Elsevier}
}

@ARTICLE{Mesquita_2011,
  author = {{Bueno de Mesquita}, Bruce},
  title = {A New Model for Predicting Policy Choices: Preliminary Tests},
  journal = {Conflict Management and Peace Science},
  year = {2011},
  volume = {28},
  pages = {65-85},
  number = {1},
  date-added = {2011-04-14 11:52:14 -0400},
  date-modified = {2011-04-14 11:57:48 -0400}
}

@BOOK{BDM:2002,
  title = {Predicting Politics},
  publisher = {Ohio State University Press},
  year = {2002},
  author = {{Bueno de Mesquita}, Bruce},
  address = {Columbus, OH},
  date-added = {2011-03-05 11:49:49 -0500},
  date-modified = {2011-03-05 11:50:49 -0500}
}

@ARTICLE{Campbell:2008,
  author = {Campbell, James E.},
  title = {The Trial-heat Forecast of the 2008 Presidential Vote: Performance
	and Value Considerations in an Open-Seat Election},
  journal = {PS: Political Science \& Politics},
  year = {2008},
  volume = {41},
  pages = {697-701},
  number = {4},
  date-added = {2011-03-07 12:39:19 -0500},
  date-modified = {2011-06-08 09:38:35 -0400}
}

@ARTICLE{Campbell:2008a,
  author = {Campbell, James E.},
  title = {Editor's Introduction: Forecasting the 2008 National Elections},
  journal = {PS: Political Science \& Politics},
  year = {2008},
  volume = {41},
  pages = {679-81},
  number = {4},
  date-added = {2013-01-28 02:52:54 +0000},
  date-modified = {2013-01-28 02:53:49 +0000}
}

@ARTICLE{Campbell:2005,
  author = {Campbell, James E.},
  title = {Introduction---Assessments of the 2004 Presidential Vote Forecasts},
  journal = {PS: Political Science \& Politics},
  year = {2005},
  volume = {38},
  pages = {23-24},
  number = {1},
  date-added = {2013-01-28 02:39:10 +0000},
  date-modified = {2013-01-28 02:43:47 +0000}
}

@ARTICLE{Campbell:2004,
  author = {Campbell, James E.},
  title = {Introduction---The 2004 Presidential Election Forecasts },
  journal = {PS: Political Science \& Politics},
  year = {2004},
  volume = {37},
  pages = {733 - 735},
  number = {4},
  date-added = {2013-01-28 02:42:11 +0000},
  date-modified = {2013-01-28 02:45:14 +0000}
}

@ARTICLE{Campbell:2001,
  author = {Campbell, James E.},
  title = {Taking Stock of the Forecasts of the 2000 Presidential Election},
  journal = {American Politics Research},
  year = {2001},
  volume = {29},
  pages = {275--278},
  number = {3},
  date-added = {2013-01-28 02:23:41 +0000},
  date-modified = {2013-01-28 02:24:37 +0000}
}

@ARTICLE{Campbell:1992,
  author = {Campbell, James E.},
  title = {Forecasting the Presidential Vote in the States},
  journal = {American Journal of Political Science},
  year = {1992},
  volume = {36},
  pages = {386-407},
  number = {2},
  date-added = {2011-03-05 11:22:53 -0500},
  date-modified = {2011-03-05 11:23:53 -0500}
}

@PERIODICAL{mlb:jec:2008,
  title = {{U.S.} Presidential Election Forecasting},
  year = {2008},
  editor = {James E. Campbell and Michael S. Lewis-Beck},
  volume = {24},
  number = {2},
  author = {James E. Campbell and Michael S. Lewis-Beck},
  date-added = {2011-12-15 15:06:28 -0500},
  date-modified = {2011-12-15 15:10:05 -0500},
  journal = {International Journal of Forecasting},
  pages = {189-322}
}

@ARTICLE{Campbell:1990,
  author = {Campbell, James E. and Wink, Ken A.},
  title = {Trial-heat Forecasts of the Presidential Vote},
  journal = {American Politics Research},
  year = {1990},
  volume = {18},
  pages = {251-269},
  number = {3},
  date-modified = {2011-09-30 14:22:21 -0400},
  publisher = {Sage Publications}
}

@ARTICLE{Casper_1976,
  author = {Casper, Jonathan D.},
  title = {The {S}upreme {C}ourt and National Policy Making},
  journal = {The American Political Science Review},
  year = {1976},
  volume = {70},
  pages = {50-63},
  number = {1},
  date-added = {2011-09-29 19:02:55 -0400},
  date-modified = {2011-09-30 14:22:45 -0400}
}

@ARTICLE{Chipman:2010,
  author = {Hugh A. Chipman and Edward I. George and Robert E. McCulloch},
  title = {BART: Bayesian Additive Regression Trees},
  journal = {The Annals of Applied Statistics},
  year = {2010},
  volume = {4},
  pages = {266-298},
  number = {1},
  owner = {jmontgomery},
  timestamp = {2013.01.16}
}

@ARTICLE{Chmielecki:2010,
  author = {Chmielecki, Richard M. and Raftery, Arian E.},
  title = {Probabilistic Visibility Forecasting Using {B}ayesian Model Averaging},
  journal = {Monthly Weather Review},
  year = {2010},
  volume = {139},
  pages = {1626--1636},
  number = {5},
  date-modified = {2011-09-30 14:24:31 -0400}
}

@ARTICLE{Chua:etal:2012,
  author = {Chua, Chew Lian and Lim, G.C. and Tsiaplias, Sarantis},
  title = {A Latent Variable Approach to Forecasting the Unemployemnt Rate},
  journal = {Journal of Forecasting},
  year = {2012},
  volume = {31},
  pages = {229-244},
  number = {3},
  date-added = {2012-08-12 21:37:28 +0000},
  date-modified = {2012-08-12 21:39:44 +0000}
}

@ARTICLE{Clarke_Signorino_2010,
  author = {Clarke, Kevin A. and Signorino, Curtis S.},
  title = {Discriminating Methods: Tests for Non-nested Discrete Choice Models},
  journal = {Political Studies},
  year = {2010},
  volume = {58},
  pages = {368-388},
  number = {2},
  date-added = {2011-04-14 21:17:30 -0400},
  date-modified = {2011-04-14 21:21:05 -0400}
}

@INCOLLECTION{Clyde:2003,
  author = {Clyde, Merlise},
  title = {Model Averaging},
  booktitle = {Subjective and Objective Bayesian Statistics: Principles, Models
	and Applications},
  publisher = {Wiley-Interscience},
  year = {2003},
  editor = {S. James Press},
  pages = {320-335},
  address = {Hoboken, NJ},
  date-modified = {2011-06-08 09:39:23 -0400},
  owner = {jacobmontgomery},
  timestamp = {2011.03.04}
}

@ARTICLE{Clyde:2004,
  author = {Clyde, Merlise and George, Edward I.},
  title = {Model Uncertainty},
  journal = {Statistical Science},
  year = {2004},
  volume = {19},
  pages = {81--94},
  number = {1},
  issn = {0883-4237},
  publisher = {JSTOR}
}

@ARTICLE{Croushore:Stark:2001,
  author = {Croushore, Dean and Stark, Tom},
  title = {A Real-Time Data Set for Macroeconomists},
  journal = {Journal of Econometrics},
  year = {2001},
  volume = {105},
  pages = {111-130},
  number = {1},
  date-added = {2012-08-12 23:53:10 +0000},
  date-modified = {2012-08-12 23:58:42 +0000}
}

@ARTICLE{Cuzan:Bundrick:2008,
  author = {Cuz\`an, Alfred G. and Bundrick, Charles M.},
  title = {Forecasting the 2008 Presidential Election: A Challenge for the Fiscal
	Model},
  journal = {PS: Political Science \& Politics},
  year = {2008},
  volume = {41},
  pages = {717-722},
  number = {4},
  date-added = {2011-03-07 12:51:15 -0500},
  date-modified = {2011-03-07 13:08:10 -0500}
}

@UNPUBLISHED{Cuzan:2004,
  author = {Cuz\`an, Alfred G. and Bundrick, Charles M.},
  title = {Fiscal Effects on Presidential Elections: A Forecast for 2004},
  note = {Paper prepared for presentation at the American Political Science
	Association, Chicago \url{http://uwf.edu/govt/facultyforums/documents/fiscaleffectsprselect2004.pdf}},
  year = {2004},
  date-added = {2012-08-13 00:38:08 +0000},
  date-modified = {2012-08-13 00:41:38 +0000}
}

@ARTICLE{Dahl_2001,
  author = {Dahl, Robert},
  title = {Decision-Making in a Democracy: The {S}upreme {C}ourt as a National
	Policy-Maker},
  journal = {Emory Law Journal},
  year = {2001},
  volume = {50},
  pages = {563-582},
  date-added = {2011-09-29 19:02:55 -0400},
  date-modified = {2011-09-30 14:25:52 -0400}
}

@BOOK{Davies:Gurr:1998,
  title = {Preventive Measures: Building Risk Assessment and Crisis Early Warning
	Systems},
  publisher = {Rowman \& Littlefield Publishers},
  year = {1998},
  author = {Davies, John L. and Gurr, Ted Robert},
  address = {Lanham, Md},
  date-added = {2011-03-05 11:32:22 -0500},
  date-modified = {2011-03-05 12:58:20 -0500}
}

@ARTICLE{dawid:1984,
  author = {A. Phillip Dawid},
  title = {Present position and potential developments: Some personal views:
	Statistical theory: The prequential approach (with Discussion)},
  journal = {Journal of the Royal Statistical Society. Series A (Statistics in
	Society)},
  year = {1984},
  volume = {147},
  pages = {278-292},
  number = {2},
  date-added = {2011-06-29 17:15:21 -0400},
  date-modified = {2011-09-30 14:30:50 -0400},
  owner = {jacobmontgomery},
  timestamp = {2011.09.29}
}

@ARTICLE{dawid:1982,
  author = {A. Phillip Dawid},
  title = {The well-calibrated {B}ayesian (with Discussion)},
  journal = {Journal of the American Statistical Association},
  year = {1982},
  volume = {77},
  pages = {605-613},
  number = {379},
  date-added = {2011-06-29 17:19:56 -0400},
  date-modified = {2011-09-30 14:29:43 -0400},
  owner = {jacobmontgomery},
  timestamp = {2011.09.29}
}

@ARTICLE{Goijer:Hyndman:2006,
  author = {{De Goijer}, Jan G. and Hyndman, Rob J.},
  title = {25 years of time series forecasting},
  journal = {International Journal of Forecasting},
  year = {2006},
  volume = {22},
  pages = {443-473},
  number = {3},
  date-added = {2012-08-12 21:57:17 +0000},
  date-modified = {2012-08-12 22:00:17 +0000}
}

@ARTICLE{Doran:1999,
  author = {Doran, Charles F.},
  title = {Why Forecasts Fail: The Limits and Potential of Forecasting in International
	Relations and Economics},
  journal = {International Studies Review},
  year = {1999},
  volume = {1},
  pages = {11-41},
  number = {2},
  date-added = {2011-03-04 20:02:14 -0500},
  date-modified = {2011-03-04 20:04:30 -0500}
}

@ARTICLE{Draper:1995,
  author = {Draper, David},
  title = {Assessment and Propagation of Model Uncertainty},
  journal = {Journal of the Royal Statistical Society. Series B (Methodological)},
  year = {1995},
  volume = {57},
  pages = {45--97},
  number = {1},
  issn = {0035-9246},
  publisher = {JSTOR}
}

@ARTICLE{Elliott:Timmermann:2008,
  author = {Elliott, Graham and Timmermann, Allan},
  title = {Economic Forecasting},
  journal = {Journal of Economic Literature},
  year = {2008},
  volume = {46},
  pages = {3-56},
  number = {1},
  date-added = {2012-08-12 21:11:00 +0000},
  date-modified = {2012-08-12 21:12:26 +0000}
}

@ARTICLE{Enders:Sandler:2005,
  author = {Enders, Walter and Sandler, Todd Michael},
  title = {After 9/11: Is It All Different Now?},
  journal = {The Journal of Conflict Resolution},
  year = {2005},
  volume = {49},
  pages = {259-277},
  number = {2},
  date-added = {2011-03-05 11:53:04 -0500},
  date-modified = {2011-03-05 11:54:02 -0500}
}

@ARTICLE{Epstein_etal_2001,
  author = {Epstein, Lee and Knight, Jack and Martin, Andrew D.},
  title = {Review Essays: The {S}upreme {C}ourt as a Stratgic Policymaker},
  journal = {Emory Law Journal},
  year = {2001},
  volume = {50},
  pages = {583-612},
  date-added = {2011-09-29 19:02:55 -0400},
  date-modified = {2011-09-30 14:31:47 -0400}
}

@ARTICLE{Erikson:Wlezien:2008,
  author = {Erikson, Robert S. and Wlezien, Christopher},
  title = {Leading Economic Indicators, the Polls, and the Presidential Vote},
  journal = {PS: Political Science \& Politics},
  year = {2008},
  volume = {41},
  pages = {703-707},
  number = {4},
  date-added = {2011-03-07 12:45:28 -0500},
  date-modified = {2011-03-07 12:46:19 -0500}
}

@UNPUBLISHED{Fair:2012,
  author = {Fair, Ray C.},
  title = {Personal Website},
  note = {\url{http://fairmodel.econ.yale.edu/} (accessed january 27, 2013)},
  date-added = {2013-01-28 02:58:27 +0000},
  date-modified = {2013-01-28 02:59:37 +0000}
}

@UNPUBLISHED{Fair2011,
  author = {Fair, Ray C.},
  title = {Vote-Share Equations: November 2010 Update},
  note = {Working Paper, Yale University. \url{http://fairmodel.econ.yale.edu/vote2012/index2.htm}
	(accessed March 07, 2011)},
  year = {2011},
  bdsk-url-1 = {http://fairmodel.econ.yale.edu/vote2012/index2.htm},
  date-added = {2011-05-15 16:59:32 -0400},
  date-modified = {2011-06-08 18:48:38 -0400}
}

@UNPUBLISHED{Fair:2010,
  author = {Fair, Ray C.},
  title = {Presidential and Congressional Vote-Share Equations: November 2010
	Update},
  note = {Working Paper, Yale University. \url{http://fairmodel.econ.yale.edu/RAYFAIR/PDF/2010C.pdf}
	(accessed June 07, 2011)},
  year = {2010},
  bdsk-url-1 = {http://fairmodel.econ.yale.edu/RAYFAIR/PDF/2010C.pdf},
  date-added = {2011-04-27 12:50:38 -0400},
  date-modified = {2011-06-08 18:50:35 -0400}
}

@ARTICLE{Fair:2009,
  author = {Fair, Ray C.},
  title = {Presidential and Congressional Vote-Share Equations},
  journal = {American Journal of Political Science},
  year = {2009},
  volume = {53},
  pages = {55-72},
  number = {1},
  date-added = {2011-04-27 12:29:25 -0400},
  date-modified = {2011-04-27 13:01:07 -0400}
}

@ARTICLE{Fair:1978,
  author = {Fair, Ray C.},
  title = {The Effect of Economic Events on Votes For President},
  journal = {The Review of Economics and Statistics},
  year = {1978},
  volume = {60},
  pages = {159-173},
  number = {2},
  date-added = {2011-04-27 12:36:23 -0400},
  date-modified = {2011-06-16 11:40:12 -0400}
}

@ARTICLE{Fearon:Laitin:2003,
  author = {Fearon, James D. and Laitin, David D.},
  title = {Ethnicity, Insurgency and Civil War},
  journal = {American Political Science Review},
  year = {2003},
  volume = {97},
  pages = {75-90},
  number = {1},
  date-added = {2011-03-05 11:51:02 -0500},
  date-modified = {2011-03-05 11:52:34 -0500}
}

@ARTICLE{Feder:2002,
  author = {Feder, Stanley A.},
  title = {Forecasting For Policy Making in the Post-Cold War Period},
  journal = {Annual Review of Political Science},
  year = {2002},
  volume = {5},
  pages = {111-125},
  date-added = {2011-03-04 19:57:43 -0500},
  date-modified = {2011-03-04 20:00:55 -0500}
}

@ARTICLE{Feldkircher:2010,
  author = {Feldkircher, Martin},
  title = {Forecast Combination and {B}ayesian Model Averaging: A Prior Sensitivity
	Analysis},
  journal = {Journal of Forecasting},
  year = {2011},
  pages = {{in press}},
  bdsk-url-1 = {http://dx.doi.org/10.1002/for.1228},
  date-added = {2011-06-14 13:39:50 -0400},
  date-modified = {2011-06-14 13:40:20 -0400},
  doi = {10.1002/for.1228},
  issn = {1099-131X},
  publisher = {John Wiley \& Sons, Ltd},
  url = {http://dx.doi.org/10.1002/for.1228}
}

@MASTERSTHESIS{Feldman:2012,
  author = {Feldman, Kira},
  title = {Statistical Postprocessing of Ensemble Forecasts for Temperature:
	The Importance of Spatial Modeling},
  school = {Ruprecht-Karls-Universitat Heidelberg},
  year = {2012},
  date-added = {2013-01-21 18:29:43 +0000},
  date-modified = {2013-01-21 18:30:34 +0000}
}

@ARTICLE{Fraley:2010,
  author = {Fraley, Chris and Raftery, Adrian E. and Gneiting, Tilmann},
  title = {Calibrating Multimodel Forecast Ensembles with Exchangeable and Missing
	Members Using {B}ayesian Model Averaging},
  journal = {Monthly Weather Review},
  year = {2010},
  volume = {138},
  pages = {190--202},
  number = {1},
  date-modified = {2011-06-14 15:08:14 -0400},
  publisher = {Citeseer}
}

@UNPUBLISHED{Fraley:2009,
  author = {Fraley, Chris and Raftery, Adrian E. and Gneiting, Tilmann and Sloughter,
	J. McLean},
  title = {ensembleBMA: An R Package for Probabilistic Forecasting Using Ensembles
	and Bayesian Model Averaging},
  note = {\url{http://www.stat.washington.edu/www/research/reports/2008/tr516.pdf}
	(accessed March 24, 2011)},
  year = {2009},
  bdsk-url-1 = {http://www.stat.washington.edu/www/research/reports/2008/tr516.pdf},
  date-modified = {2011-06-14 13:43:08 -0400}
}

@ARTICLE{Fraley:Forthcoming,
  author = {Fraley, Chris and Raftery, Adrian E. and Gneiting, Tilmann and Sloughter,
	J. McLean and Berrocal, Veronica J.},
  title = {Probabilistic Weather Forecasting in {R}},
  journal = {R Journal},
  year = {2011},
  volume = {3},
  pages = {55-63},
  number = {1},
  date-modified = {2011-09-29 19:33:22 -0400}
}

@MANUAL{Fraley:2010b,
  title = {ensembleBMA: Probabilistic Forecasting using Ensembles and Bayesian
	Model Averaging},
  author = {Chris Fraley and Adrian E. Raftery and J. McLean Sloughter and Tilmann
	Gneiting},
  year = {2010},
  note = {R package version 4.5},
  bdsk-url-1 = {http://CRAN.R-project.org/package=ensembleBMA},
  date-modified = {2011-09-30 14:34:21 -0400},
  url = {http://CRAN.R-project.org/package=ensembleBMA}
}

@ARTICLE{Freeman:Job:1979,
  author = {Freeman, John R. and Job, Brian L.},
  title = {Scientific Forecasts in International Relations: Problems of Definition
	and Epistemology},
  journal = {International Studies Quarterly},
  year = {1979},
  volume = {23},
  pages = {113-143},
  number = {1},
  date-added = {2011-03-04 19:42:19 -0500},
  date-modified = {2011-03-04 19:43:34 -0500}
}

@ARTICLE{Freund:1997,
  author = {Freund, Y. and Schapire, R.E.},
  title = {A decision-theoretic generalization of online learning and an application
	to boosting},
  journal = {J. Comput. System Sci.},
  year = {1997},
  volume = {55},
  pages = {119-139},
  owner = {jmontgomery},
  timestamp = {2013.01.16}
}

@ARTICLE{Friedman:2001,
  author = {Friedman, J.H.},
  title = {Greedy function approximation: A gradient boosing machine},
  journal = {Ann. Statist},
  year = {2001},
  volume = {29},
  pages = {1189-1232},
  owner = {jmontgomery},
  timestamp = {2013.01.16}
}

@ARTICLE{Galton:1907,
  author = {Galton, Francis},
  title = {Vox populi},
  journal = {Nature},
  year = {1907},
  volume = {75},
  pages = {450--451},
  number = {1949}
}

@ARTICLE{GarratEtAl:2011,
  author = {Garrat, Anthony and Mitchell, James and Vahey, Shaun P. and Wakerly,
	Elizabeth C.},
  title = {Real-Time Inflation Forecast Densities from Ensemble Phillips Curves},
  journal = {North American Journal of Economics and Finance},
  year = {2011},
  volume = {22},
  pages = {77-87},
  number = {1},
  date-added = {2013-01-21 17:01:25 +0000},
  date-modified = {2013-01-21 17:02:48 +0000}
}

@ARTICLE{Geer:2006b,
  author = {Geer, John and Lau, Richard R.},
  title = {Filling in the Blanks: A New Method for Estimating Campaign Effects},
  journal = {British Journal of Political Science},
  year = {2006},
  volume = {36},
  pages = {269--290},
  number = {2},
  issn = {0007-1234},
  publisher = {Cambridge Univ Press}
}

@ARTICLE{Gill:2004,
  author = {Gill, Jeff},
  title = {Introduction to the Special Issue},
  journal = {Political Analysis},
  year = {2004},
  volume = {12},
  pages = {647--674},
  number = {4},
  owner = {jacobmontgomery},
  timestamp = {2011.03.04}
}

@MISC{Gleditsch:Ward:2010,
  author = {Gleditsch, Kristian Skrede and Ward, Michael D.},
  title = {Contentious Issues and Forecasting Interstate Disputes},
  howpublished = {Presented to the 2010 Annual Meeting of the International Studies
	Association, New Orleans, LA},
  year = {2010},
  date-added = {2011-03-05 12:47:44 -0500},
  date-modified = {2011-06-08 09:38:03 -0400}
}

@ARTICLE{GneitingEtAl:2007,
  author = {Gneiting, Tilmann and Balabdaoui, Fadoua and Raftery, Adrian E.},
  title = {Probabilistic Forecasts, Calibration and Sharpness},
  journal = {Journal of the Royal Statistical Society. Series B (Methodological)},
  year = {2007},
  volume = {69},
  pages = {243--268},
  number = {2},
  date-added = {2013-01-22 20:43:36 +0000},
  date-modified = {2013-01-22 20:45:24 +0000}
}

@ARTICLE{Gneiting_Raftery_2007,
  author = {Gneiting, Tilmann and Raftery, Adrian E.},
  title = {Strictly Proper Scoring Rules, Prediction, and Estimation},
  journal = {Journal of the American Statistical Association},
  year = {2007},
  volume = {102},
  pages = {359-378},
  number = {477},
  bdsk-file-1 = {YnBsaXN0MDDUAQIDBAUIJidUJHRvcFgkb2JqZWN0c1gkdmVyc2lvblkkYXJjaGl2ZXLRBgdUcm9vdIABqAkKFRYXGyIjVSRudWxs0wsMDQ4RFFpOUy5vYmplY3RzV05TLmtleXNWJGNsYXNzog8QgASABqISE4ACgAOAB1lhbGlhc0RhdGFccmVsYXRpdmVQYXRo0hgNGRpXTlMuZGF0YU8RAdwAAAAAAdwAAgAADE1hY2ludG9zaCBIRAAAAAAAAAAAAAAAAAAAAMoNYJhIKwAAAB5Suh5HbmVpdGluZ19SYWZ0ZXJ5X0pBU0FfMjAwNy5wZGYAAAAAAAAAAAAAAAAAAAAAAAAAAAAAAAAAAAAAAAAAAAAAxA/jyqVjugAAAAAAAAAAAAMAAgAACSAAAAAAAAAAAAAAAAAAAAAGUGFwZXJzABAACAAAyg2Y2AAAABEACAAAyqWb+gAAAAEAEAAeUroAD6tdAAhadgAAfFwAAgBSTWFjaW50b3NoIEhEOlVzZXJzOmZsb3JpYW5ob2xsZW5iYWNoOkRyb3Bib3g6UGFwZXJzOkduZWl0aW5nX1JhZnRlcnlfSkFTQV8yMDA3LnBkZgAOAD4AHgBHAG4AZQBpAHQAaQBuAGcAXwBSAGEAZgB0AGUAcgB5AF8ASgBBAFMAQQBfADIAMAAwADcALgBwAGQAZgAPABoADABNAGEAYwBpAG4AdABvAHMAaAAgAEgARAASAEVVc2Vycy9mbG9yaWFuaG9sbGVuYmFjaC9Ecm9wYm94L1BhcGVycy9HbmVpdGluZ19SYWZ0ZXJ5X0pBU0FfMjAwNy5wZGYAABMAAS8AABUAAgAY//8AAIAF0hwdHh9YJGNsYXNzZXNaJGNsYXNzbmFtZaMfICFdTlNNdXRhYmxlRGF0YVZOU0RhdGFYTlNPYmplY3RfEC4uLi8uLi8uLi9QYXBlcnMvR25laXRpbmdfUmFmdGVyeV9KQVNBXzIwMDcucGRm0hwdJCWiJSFcTlNEaWN0aW9uYXJ5EgABhqBfEA9OU0tleWVkQXJjaGl2ZXIACAARABYAHwAoADIANQA6ADwARQBLAFIAXQBlAGwAbwBxAHMAdgB4AHoAfACGAJMAmACgAoACggKHApACmwKfAq0CtAK9Au4C8wL2AwMDCAAAAAAAAAIBAAAAAAAAACgAAAAAAAAAAAAAAAAAAAMa},
  date-added = {2011-09-27 13:59:00 -0400},
  date-modified = {2011-09-27 13:59:00 -0400}
}

@UNPUBLISHED{Gneiting:2010,
  author = {Tilmann Gneiting and Thordis L. Thorarinsdottir},
  title = {Predicting Inflation: Professional Experts Versus No-Change Forecasts},
  note = {Working Paper. \url{http://arxiv.org/abs/1010.2318v1} (accessed June
	15, 2011)},
  year = {2010},
  bdsk-url-1 = {http://arxiv.org/abs/1010.2318v1},
  date-modified = {2011-06-14 13:46:34 -0400}
}

@ARTICLE{Goldstone:etal:2010,
  author = {Goldstone, Jack A. and Bates, Robert H. and Epstein, David L. and
	Gurr, Ted Robert and Lustik, Michael B. and Marshall, Monty G. and
	Ulfelder, Jay and Woodward, Mark},
  title = {A Global Model for Forecasting Political Instability},
  journal = {American Journal of Political Science},
  year = {2010},
  volume = {54},
  pages = {190-208},
  number = {1},
  date-added = {2011-03-05 13:18:40 -0500},
  date-modified = {2011-03-05 13:20:55 -0500}
}

@UNPUBLISHED{Graefe:2010,
  author = {Andreas Graefe and Aldfred G. Cuzan and Randal J. Jones and J. Scott
	Armstrong},
  title = {Combining Forecasts for {U.S.} Presidential Elections: {The PollyVote}},
  note = {Working Paper. \url{http://dl.dropbox.com/u/3662406/Articles/Graefe_et_al_Combining.pdf}
	(accessed May 15, 2011)},
  year = {2010},
  date-modified = {2011-06-08 18:55:58 -0400},
  owner = {jacobmontgomery},
  timestamp = {2011.05.12}
}

@ARTICLE{Greenhill:2011,
  author = {Brian Greenhill and Michael D. Ward and Audrey Sacks},
  title = {The Separation Plot: A New Visual Method for Evaluating the Fit of
	Binary Data},
  journal = {American Journal of Political Science},
  year = {2011},
  volume = {55},
  pages = {990-1002},
  number = {4},
  date-modified = {2012-01-18 13:47:00 -0500},
  owner = {jacobmontgomery},
  timestamp = {2011.06.08}
}

@ARTICLE{Gurr:Lichbach:1986,
  author = {Gurr, Ted Robert and Lichbach, Mark Irving},
  title = {Forecasting Internal Conflict: A Competitive Evaluation of Empirical
	Theories},
  journal = {Comparative Political Studies},
  year = {1986},
  volume = {19},
  pages = {3-38},
  number = {3},
  date-added = {2011-03-04 19:27:45 -0500},
  date-modified = {2011-03-05 11:34:19 -0500}
}

@ARTICLE{Hamill:2004,
  author = {Hamill, Thomas S. and Jeffrey S. Whitaker and Xue Wei},
  title = {Ensemble Reforecasting: Improving Medium-range Forecast Skill Using
	Retrospective Forecasts},
  journal = {Monthly Weather Review},
  year = {2004},
  volume = {132},
  pages = {1434 -- 1447},
  number = {6},
  date-modified = {2011-06-14 15:10:13 -0400},
  owner = {jacobmontgomery},
  timestamp = {2011.03.03}
}

@BOOK{Hastie:2009,
  title = {The Elements of Statistical Learning: Data Mining, Inference, and
	Prediction},
  publisher = {Springer},
  year = {2009},
  author = {Hastie, Trevor and Tibshirani, Robert and Friedman, Jerome},
  address = {New York, NY},
  date-modified = {2011-09-30 14:39:09 -0400}
}

@ARTICLE{Hausegger_Baum_1999,
  author = {Hausegger, Lori and Baum, Lawrence},
  title = {Inviting Congressional Action: A Study of {S}upreme {C}ourt Motivations
	in Statutory Interpretation},
  journal = {American Journal of Political Science},
  year = {1999},
  volume = {43},
  pages = {162-185},
  number = {1},
  date-added = {2011-09-29 19:02:55 -0400},
  date-modified = {2011-09-30 14:39:33 -0400}
}

@ARTICLE{Hersbach:2000,
  author = {Hersbach, Hans},
  title = {Decomposition of the Continuous Ranked Probability Score for Ensemble
	Prediction Systems},
  journal = {Weather and Forecasting},
  year = {2000},
  volume = {15},
  pages = {559--570},
  number = {5}
}

@UNPUBLISHED{Hibbs2011,
  author = {Hibbs, Douglas},
  title = {The Bread and Peace Model Applied to the 2008 {U.S.} Presidential
	Election},
  note = {\url{http://douglas-hibbs.com/Election2008/2008Election-MainPage.htm}
	(accessed March 08, 2011)},
  year = {2011},
  bdsk-url-1 = {http://douglas-hibbs.com/Election2008/2008Election-MainPage.htm},
  date-added = {2011-05-15 17:00:46 -0400},
  date-modified = {2011-06-08 18:47:49 -0400}
}

@UNPUBLISHED{hibbs:2012,
  author = {Hibbs, Douglas A.},
  title = {Obama's Re-election Prospects under `Bread and Peace/ Voting in the
	2012 US Presidential Election},
  note = {\url{http://www.douglas-hibbs.com/HibbsArticles/HIBBS_OBAMA-REELECT-31July2012r1.pdf}},
  year = {2012},
  date-added = {2012-08-10 17:16:44 +0000},
  date-modified = {2012-08-10 17:18:31 +0000}
}

@UNPUBLISHED{Hibbs:2004,
  author = {Hibbs, Douglas A.},
  title = {Implications of the `Bread and Peace Model' of US Presidential Voting
	for the 2004 Election Outcome},
  note = {http://www.douglas-hibbs.com/Elections2004-00-96-92/election2004.pdf
	(accessed Jan. 27, 2013)},
  year = {2004},
  date-added = {2013-01-28 02:15:26 +0000},
  date-modified = {2013-01-28 02:16:37 +0000}
}

@ARTICLE{Hibbs:2000,
  author = {Hibbs, Douglas A.},
  title = {Bread and Peace Voting in {U.S.} Presidential Elections},
  journal = {Public Choice},
  year = {2000},
  volume = {104},
  pages = {149--180},
  number = {1},
  date-modified = {2013-01-28 02:15:15 +0000},
  publisher = {Springer}
}

@UNPUBLISHED{Hibbs:2000a,
  author = {Hibbs, Douglas A.},
  title = {The Economy and the Year 2000 U.S. Presidential Election},
  note = {\url{http://www.douglas-hibbs.com/Elections2004-00-96-92/website_000830.pdf}
	(accessed Jan. 27, 2013)},
  year = {2000},
  date-added = {2013-01-28 01:08:21 +0000},
  date-modified = {2013-01-28 02:15:15 +0000}
}

@UNPUBLISHED{Hibbs:1992,
  author = {Hibbs, Douglas A.},
  title = {THE 1992 PRESIDENTIAL ELECTION: Clinton is the Probable Winner, but
	Only Narrowly, Getting Just over 51 Percent of the Two-Party Vote},
  note = {\url{http://www.douglas-hibbs.com/Elections2004-00-96-92/forecast92.pdf}
	(accessed Jan. 27, 2013)},
  year = {1992},
  date-added = {2013-01-28 01:06:23 +0000},
  date-modified = {2013-01-28 01:07:11 +0000}
}

@UNPUBLISHED{Hibbs:1996,
  author = {Hibbs, Douglas A.},
  title = {The Economy and the 1996 Presidential Election: Why Clinton Will
	Win with Probability Exceeding 90%},
  note = {\url{http://www.douglas-hibbs.com/Elections2004-00-96-92/clintn96.pdf}
	(accessed Jan. 27, 2013)},
  year = {1992},
  date-added = {2013-01-28 01:07:23 +0000},
  date-modified = {2013-01-28 01:08:08 +0000}
}

@ARTICLE{Hildebrand:etal:1976,
  author = {Hildebrand, David K. and Laing, James D. and Rosenthal, Howard},
  title = {Prediction Analysis in Political Research},
  journal = {The American Political Science Review},
  year = {1976},
  volume = {70},
  pages = {509-535},
  number = {2},
  date-added = {2011-03-04 19:10:32 -0500},
  date-modified = {2011-03-04 19:16:18 -0500}
}

@ARTICLE{Hoeting:1999,
  author = {Hoeting, Jennifer A. and Madigan, David and Raftery, Adrian E. and
	Volinsky, Christopher T.},
  title = {Bayesian Model Averaging: A Tutorial},
  journal = {Statistical Science},
  year = {1999},
  volume = {14},
  pages = {382--417},
  number = {4},
  date-modified = {2011-06-14 13:48:20 -0400},
  issn = {0883-4237},
  publisher = {Institute of Mathematical Statistics}
}

@ARTICLE{Hoff:2007,
  author = {Hoff, Peter D.},
  title = {Extending the Rank LIkelihood for Semiparametric Copula Estimation},
  journal = {Annals of Applied Statistics},
  year = {2007},
  volume = {1},
  pages = {265-283},
  number = {1},
  date-added = {2011-06-10 10:50:24 -0400},
  date-modified = {2011-06-10 10:50:24 -0400},
  owner = {jacobmontgomery},
  timestamp = {2011.06.09}
}

@ARTICLE{Holbrook:2008,
  author = {Holbrook, Thomas M.},
  title = {Incumbency, National Conditions, and the 2008 Presidential Election},
  journal = {PS: Political Science \& Politics},
  year = {2008},
  volume = {41},
  pages = {709-712},
  number = {4},
  date-added = {2011-03-07 12:46:30 -0500},
  date-modified = {2011-03-07 12:47:29 -0500}
}

@ARTICLE{Viney:2009,
  author = {J.A. Huisman and L. Breuer and H. Bormann and A. Bronstert and B.F.W.
	Croke and H.-G. Frede and T. Gr{\"a}ff and L. Hubrechts and A.J.
	Jakeman and G. Kite and J. Lanini and G. Leavesley and D.P. Lettenmaier
	and G. Lindstr{\"o}m and J. Seibert and M. Sivapalan and N.R. Viney
	and P. Willems},
  title = {Assessing the Impact of Land Use Change on Hydrology by Ensemble
	Modelling {(LUCHEM) II}: Ensemble Combinations and Predictions},
  journal = {Advances in Water Resources},
  year = {2009},
  volume = {32},
  pages = {147--158},
  number = {2},
  date-modified = {2011-06-14 15:34:29 -0400},
  publisher = {Elsevier}
}

@ARTICLE{Imai:2004,
  author = {Imai, Kosuke and King, Gary},
  title = {Did Illegal Overseas Absentee Ballots Decide the 2000 {US} Presidential
	Election?},
  journal = {Perspectives on Politics},
  year = {2004},
  volume = {2},
  pages = {537--549},
  number = {3},
  date-modified = {2011-06-10 11:02:14 -0400},
  issn = {1537-5927},
  publisher = {Cambridge Univ Press}
}

@ARTICLE{imai:tingley:2012,
  author = {Kosuke Imai and Dustin Tingley},
  title = {A Statistical Method for Empirical Testing of Competing Theories},
  journal = {American Journal of Political Science},
  year = {2012},
  volume = {56},
  pages = {218-236},
  number = {1},
  month = {January},
  date-added = {2012-08-10 17:06:47 +0000},
  date-modified = {2012-08-10 17:07:49 +0000}
}

@ARTICLE{Jerome:1999,
  author = {Jerome, Bruno and Veronique Jerome and Michael S. Lewis-Beck},
  title = {Polls Fail in {F}rance: Forecasts of the 1997 Legislative Election},
  journal = {International Journal of Forecasting},
  year = {1999},
  volume = {15},
  pages = {163-174},
  number = {2},
  date-modified = {2011-06-14 15:12:27 -0400},
  owner = {jacobmontgomery},
  timestamp = {2011.05.11}
}

@ARTICLE{Kenny_Winer_2006,
  author = {Kenny, Lawrence W. and Winer, Stanley L.},
  title = {Tax Systems in the World: An Empirical Investigation into the Importance
	of Tax Bases, Administration Costs, Scale and Political Regime},
  journal = {International Tax and Public Finance},
  year = {2006},
  volume = {13},
  pages = {181-215},
  number = {2/3},
  bdsk-file-1 = {YnBsaXN0MDDUAQIDBAUIJidUJHRvcFgkb2JqZWN0c1gkdmVyc2lvblkkYXJjaGl2ZXLRBgdUcm9vdIABqAkKFRYXGyIjVSRudWxs0wsMDQ4RFFpOUy5vYmplY3RzV05TLmtleXNWJGNsYXNzog8QgASABqISE4ACgAOAB1lhbGlhc0RhdGFccmVsYXRpdmVQYXRo0hgNGRpXTlMuZGF0YU8RAcwAAAAAAcwAAgAADE1hY2ludG9zaCBIRAAAAAAAAAAAAAAAAAAAAM0TcFVIKwAAAAVN+xlLZW5ueV9XaW5lcl9JVFBGXzIwMDYucGRmAAAAAAAAAAAAAAAAAAAAAAAAAAAAAAAAAAAAAAAAAAAAAAAAAAAABh8Jyrd8awAAAAAAAAAAAAUAAwAACSAAAAAAAAAAAAAAAAAAAAAGUGFwZXJzABAACAAAzRO2pQAAABEACAAAyre0qwAAAAEAEAAFTfsABU1zAAUzfAAAwBcAAgBRTWFjaW50b3NoIEhEOlVzZXJzOgBmbG9yaWFuaG9sbGVuYmFjaDoARHJvcGJveDoAUGFwZXJzOgBLZW5ueV9XaW5lcl9JVFBGXzIwMDYucGRmAAAOADQAGQBLAGUAbgBuAHkAXwBXAGkAbgBlAHIAXwBJAFQAUABGAF8AMgAwADAANgAuAHAAZABmAA8AGgAMAE0AYQBjAGkAbgB0AG8AcwBoACAASABEABIAQFVzZXJzL2Zsb3JpYW5ob2xsZW5iYWNoL0Ryb3Bib3gvUGFwZXJzL0tlbm55X1dpbmVyX0lUUEZfMjAwNi5wZGYAEwABLwAAFQACABj//wAAgAXSHB0eH1gkY2xhc3Nlc1okY2xhc3NuYW1lox8gIV1OU011dGFibGVEYXRhVk5TRGF0YVhOU09iamVjdF8QNy4uLy4uLy4uLy4uLy4uL0Ryb3Bib3gvUGFwZXJzL0tlbm55X1dpbmVyX0lUUEZfMjAwNi5wZGbSHB0kJaIlIVxOU0RpY3Rpb25hcnkSAAGGoF8QD05TS2V5ZWRBcmNoaXZlcgAIABEAFgAfACgAMgA1ADoAPABFAEsAUgBdAGUAbABvAHEAcwB2AHgAegB8AIYAkwCYAKACcAJyAncCgAKLAo8CnQKkAq0C5wLsAu8C/AMBAAAAAAAAAgEAAAAAAAAAKAAAAAAAAAAAAAAAAAAAAxM=},
  date-added = {2011-10-09 16:29:58 -0400},
  date-modified = {2011-10-09 16:35:00 -0400}
}

@ARTICLE{King:Zeng:2001,
  author = {King, Gary and Zeng, Langche},
  title = {Improving Forecasts of State Failure},
  journal = {World Politics},
  year = {2001},
  volume = {53},
  pages = {623-658},
  number = {4},
  date-added = {2011-03-04 19:32:34 -0500},
  date-modified = {2011-03-04 19:33:34 -0500}
}

@ARTICLE{Klein_Hume_2003,
  author = {Klein, David E. and Hume, Robert J.},
  title = {Fear of Reversal as an Explanation of Lower Court Compliance},
  journal = {Law \& Society Review},
  year = {2003},
  volume = {37},
  pages = {579-606},
  number = {3},
  date-added = {2011-09-29 19:02:55 -0400},
  date-modified = {2011-09-29 19:02:55 -0400}
}

@UNPUBLISHED{Koop:2010,
  author = {Koop, Gary and Korobilis, Dimitris},
  title = {Forecasting Inflation Using Dynamic Model Averaging},
  note = {Working Paper. \url{http://personal.strath.ac.uk/gary.koop/koop_korobilis_forecasting_inflation_using_DMA.pdf}
	(accessed May 25, 2011)},
  year = {2009},
  bdsk-url-1 = {http://personal.strath.ac.uk/gary.koop/koop_korobilis_forecasting_inflation_using_DMA.pdf},
  date-modified = {2011-06-14 13:49:56 -0400}
}

@ARTICLE{Krause:1997,
  author = {Krause, George A.},
  title = {Voters, Information Heterogeneity, and the Dynamics of Aggregate
	Economic Expectations},
  journal = {American Journal of Political Science},
  year = {1997},
  volume = {41},
  pages = {1170-1200},
  number = {4},
  date-added = {2011-03-05 11:31:05 -0500},
  date-modified = {2011-03-05 11:32:06 -0500}
}

@ARTICLE{Leblang:Satyanath:2006,
  author = {Leblang, David and Satyanath, Shanker},
  title = {Institutions, Expectations, and Currency Crises},
  journal = {International Organization},
  year = {2006},
  volume = {60},
  pages = {245-262},
  number = {1},
  date-added = {2011-03-05 11:55:12 -0500},
  date-modified = {2011-03-05 11:57:23 -0500}
}

@ARTICLE{Lewis-Beck:2005,
  author = {Lewis-Beck, Michael S.},
  title = {Election Forecasting: Principles and Practice},
  journal = {The British Journal of Politics \& International Relations},
  year = {2005},
  volume = {7},
  pages = {145-164},
  number = {2},
  owner = {jacobmontgomery},
  timestamp = {2011.05.11}
}

@ARTICLE{Lewis-Beck:Tien:2008,
  author = {Lewis-Beck, Michael S. and Tien, Charles},
  title = {The Job of President and the Jobs Model Forecast: Obama for '08?},
  journal = {PS: Political Science \& Politics},
  year = {2008},
  volume = {41},
  pages = {687-690},
  number = {4},
  date-added = {2011-03-07 12:42:00 -0500},
  date-modified = {2011-03-07 12:43:03 -0500}
}

@ARTICLE{LewisBeckTien:1996,
  author = {Lewis-Beck, Michael S. and Tien, Charles},
  title = {The Future in Forecasting : Prospective Presidential Models},
  journal = {American Politics Research},
  year = {1996},
  volume = {24},
  pages = {468--491},
  number = {4},
  date-added = {2013-01-28 00:55:37 +0000},
  date-modified = {2013-01-28 00:56:52 +0000}
}

@ARTICLE{Linzer:2013,
  author = {Drew Linzer},
  title = {Dynamic Bayesian Forecasting of Presidential Elections in the States},
  journal = {Journal of the American Statistical Association},
  year = {Forthcoming},
  owner = {jmontgomery},
  timestamp = {2013.01.16}
}

@ARTICLE{gelman:forecasts,
  author = {Lock, Kari and Gelman, Andrew},
  title = {Bayesian Combination of State Polls and Election Forecasts},
  journal = {Political Analysis},
  year = {2010},
  volume = {18},
  pages = {337-348},
  number = {3},
  date-added = {2011-12-15 15:43:58 -0500},
  date-modified = {2011-12-15 15:56:56 -0500}
}

@ARTICLE{Lockerbie:2008,
  author = {Lockerbie, Brad},
  title = {Election Forecasting: The Future of the Presidency and the House},
  journal = {PS: Political Science \& Politics},
  year = {2008},
  volume = {41},
  pages = {713-716},
  number = {4},
  date-added = {2011-03-07 12:49:34 -0500},
  date-modified = {2011-03-07 12:50:32 -0500}
}

@ARTICLE{MoellerEtAl:2012,
  author = {M\"oller, Anette and Lenkoski, Alex and Thorarinsdottir, Thordis
	L.},
  title = {Multivariate Probabilistic Forecasting Using Ensemble {B}ayesian
	Model Averaging and Copulas},
  journal = {Quarterly Journal of the Royal Meteorological Society},
  year = {2013},
  volume = {Forthcoming},
  date-added = {2013-01-21 18:43:29 +0000},
  date-modified = {2013-01-21 18:46:26 +0000}
}

@ARTICLE{Madigan:1994,
  author = {Madigan, David and Raftery, Adrian E.},
  title = {Model Selection and Accounting for Model Uncertainty in Graphical
	Models Using {O}ccam's Window},
  journal = {Journal of the American Statistical Association},
  year = {1994},
  volume = {89},
  pages = {1535--1546},
  number = {428},
  issn = {0162-1459},
  publisher = {JSTOR}
}

@ARTICLE{Demarchi:etal:2004,
  author = {de Marchi, Scott and Gelpi, Christopher and Grynaviski, Jeffrey D.},
  title = {Untangling Neural Nets},
  journal = {American Political Science Review},
  year = {2004},
  volume = {98},
  pages = {371-378},
  number = {2},
  date-added = {2011-03-04 20:09:37 -0500},
  date-modified = {2011-03-04 20:11:26 -0500}
}

@UNPUBLISHED{PolityIV,
  author = {Marshall, Monty G. and Jaggers, Keith and Gurr, Ted Robert},
  title = {Polity {IV} Project: Political Regime Characteristics and Transition
	1800-2007},
  note = {CIDCM: University of Maryland, MD},
  year = {2009},
  date-added = {2011-03-05 15:45:12 -0500},
  date-modified = {2011-03-05 15:45:12 -0500},
  howpublished = {electronic Data File (version p4v2007)}
}

@ARTICLE{Martin:2004,
  author = {Andrew D. Martin and Kevin M. Quinn and Theodore W. Ruger and Pauline
	T. Kim},
  title = {Competing Approaches to Predicting {S}upreme {C}ourt Decision Making},
  journal = {Perspectives on Politics},
  year = {2004},
  volume = {2},
  pages = {761-767},
  number = {4},
  date-modified = {2011-09-30 14:42:47 -0400},
  owner = {jacobmontgomery},
  timestamp = {2011.05.12}
}

@ARTICLE{Mccandless:2011,
  author = {McCandless, Tyler C. and Haupt, Sue Ellen and Young, George S.},
  title = {The Effects of Imputing Missing Data on Ensemble Temperature Forecasts},
  journal = {Journal of Computers},
  year = {2011},
  volume = {6},
  pages = {162--171},
  number = {2}
}

@UNPUBLISHED{Mccormick:2011,
  author = {Tyler H. McCormick and Adrian E. Raftery and David Madigan and Randall
	S. Burd},
  title = {Dynamic Logistic Regression and Dynamic Model Averaging for Binary
	Classification},
  note = {Working Paper. \url{http://www.stat.columbia.edu/~madigan/PAPERS/ldbma27.pdf}
	(accessed March 26, 2011)},
  year = {2011},
  bdsk-url-1 = {http://www.stat.columbia.edu/~madigan/PAPERS/ldbma27.pdf},
  date-modified = {2011-06-14 13:52:15 -0400},
  owner = {jacobmontgomery},
  timestamp = {2011.06.14}
}

@BOOK{mclachlan:peel:2000,
  title = {Finite Mixture Models},
  publisher = {John Wiley \& Sons, Ltd},
  year = {2000},
  author = {Geoffrey McLachlan and David Peel},
  address = {New York, NY},
  date-added = {2012-08-10 17:09:00 +0000},
  date-modified = {2012-08-10 17:10:17 +0000}
}

@ARTICLE{Min:2006,
  author = {Min, Seung-Ki and Hense, Andreas},
  title = {A {B}ayesian Approach to Climate Model Evaluation and Multi-Model
	Averaging with an Application to Global Mean Surface Temperatures
	from {IPCC AR4} Coupled Climate Models},
  journal = {Geophysical Research Letters},
  year = {2006},
  volume = {33},
  pages = {L08708},
  number = {8},
  publisher = {American Geophysical Union}
}

@ARTICLE{Min:2007,
  author = {Min, Seung-Ki and Simonis, Daniel and Hense, Andreas},
  title = {Probabilistic Climate Change Predictions Applying {B}ayesian Model
	Averaging},
  journal = {Philosophical Transactions of the Royal Society A: Mathematical,
	Physical and Engineering Sciences},
  year = {2007},
  volume = {365},
  pages = {2103-2116},
  number = {1857},
  publisher = {The Royal Society}
}

@ARTICLE{Montgomery:etal:1998,
  author = {Montgomery, Alan L. and Zarnowitz, Victor and Tsay, Ruey and Tiaom
	George},
  title = {Forecasting the U.S. Unemployement Rate},
  journal = {Journal of the American Statistical Association},
  year = {1998},
  volume = {93},
  pages = {478-493},
  number = {442},
  date-added = {2012-08-12 21:29:09 +0000},
  date-modified = {2012-08-12 21:30:42 +0000}
}

@ARTICLE{mhw:2012,
  author = {Jacob M. Montgomery and Florian Hollenbach and Michael D. Ward},
  title = {Improving Predictions Using Ensemble Bayesian Model Averaging},
  journal = {Political Analysis},
  year = {2012},
  volume = {20},
  pages = {271-291},
  number = {3},
  month = {Summer},
  date-added = {2012-08-10 16:54:10 +0000},
  date-modified = {2012-08-10 16:56:43 +0000}
}

@MISC{Montgomery:2012,
  author = {Jacob M. Montgomery and Florian Hollenbach and MIchael D. Ward},
  title = {{"Replication data for: Improving Predictions Using Ensemble Bayesian
	Model Averaging"}},
  year = {2012},
  note = {http://hdl.handle.net/1902.1/17286 IQSS Dataverse Network},
  owner = {jacobmontgomery},
  timestamp = {2012.01.12}
}

@STANDARD{Montgomery:2012b,
  title = {Replication data for: Improving Predictions Using Ensemble Bayesian
	Model Averaging},
  organization = {IQSS Dataverse Network},
  author = {Jacob M. Montgomery and Florian Hollenbach and Michael D. Ward},
  year = {2012},
  url = {http://hdl.handle.net/1902.1/17286},
  bdsk-url-1 = {http://hdl.handle.net/1902.1/17286},
  owner = {jacobmontgomery},
  timestamp = {2012.01.12}
}

@ARTICLE{Montgomery:2012c,
  author = {Montgomery, Jacob M. and Florian Hollenbach and Michael D. Ward},
  title = {Ensemble Predictions of the 2012 US Presidential Election},
  journal = {PS: Political Science \& Politics},
  year = {2012},
  volume = {45},
  pages = {651-654},
  number = {4},
  owner = {jmontgomery},
  timestamp = {2013.01.16}
}

@ARTICLE{Montgomery:2010c,
  author = {Montgomery, Jacob M. and Nyhan, Brendan},
  title = {Bayesian Model Averaging: Theoretical Developments and Practical
	Applications},
  journal = {Political Analysis},
  year = {2010},
  volume = {18},
  pages = {245--270},
  number = {2},
  issn = {1047-1987},
  publisher = {SPM-PMSAPSA}
}

@ARTICLE{Muhlbaier:2007,
  author = {Muhlbaier, Michael D. and Polikar, Robi},
  title = {An Ensemble Approach for Incremental Learning in Nonstationary Environments},
  journal = {Multiple Classifier Systems},
  year = {2007},
  volume = {4472},
  pages = {490--500},
  publisher = {Springer}
}

@ARTICLE{Norpoth:2008,
  author = {Norpoth, Helmut},
  title = {On the Razor's Edge: The Forecast of the Primary Model},
  journal = {PS: Political Science \& Politics},
  year = {2008},
  volume = {41},
  pages = {683-686},
  number = {4},
  date-added = {2011-03-07 12:41:03 -0500},
  date-modified = {2011-03-07 12:41:56 -0500}
}

@ARTICLE{OBrien:2010,
  author = {O'Brien, Sean P.},
  title = {Crisis Early Warning and Decision Support: Contemporary Approaches
	and Thoughts on Future Research},
  journal = {International Studies Review},
  year = {2010},
  volume = {12},
  pages = {87-104},
  number = {1},
  date-added = {2011-03-04 19:04:02 -0500},
  date-modified = {2011-03-04 19:08:39 -0500}
}

@ARTICLE{OBrien:2002,
  author = {O'Brien, Sean P.},
  title = {Anticipating the Good, the Bad, and the Ugly: An Early Warning Approach
	to Conflict and Instability Analysis},
  journal = {Journal of Conflict Resolution},
  year = {2002},
  volume = {46},
  pages = {791-811},
  number = {6},
  date-added = {2011-03-04 19:37:24 -0500},
  date-modified = {2011-03-04 19:39:26 -0500}
}

@ARTICLE{ODonnel_1988,
  author = {O'Donnel, Guillermo},
  title = {Challenges to Democratization in Brazil},
  journal = {World Policy Journal},
  year = {1988},
  volume = {5},
  pages = {281-300},
  number = {2},
  bdsk-file-1 = {YnBsaXN0MDDUAQIDBAUIJidUJHRvcFgkb2JqZWN0c1gkdmVyc2lvblkkYXJjaGl2ZXLRBgdUcm9vdIABqAkKFRYXGyIjVSRudWxs0wsMDQ4RFFpOUy5vYmplY3RzV05TLmtleXNWJGNsYXNzog8QgASABqISE4ACgAOAB1lhbGlhc0RhdGFccmVsYXRpdmVQYXRo0hgNGRpXTlMuZGF0YU8RAfAAAAAAAfAAAgAADE1hY2ludG9zaCBIRAAAAAAAAAAAAAAAAAAAAM0TcFVIKwAAAAVN+x9PRG9ubmVsX1dvcmxkUG9saWN5Sm8jODI5RDYucGRmAAAAAAAAAAAAAAAAAAAAAAAAAAAAAAAAAAAAAAAAAAAACCnWyrdyEgAAAAAAAAAAAAUAAwAACSAAAAAAAAAAAAAAAAAAAAAGUGFwZXJzABAACAAAzRO2pQAAABEACAAAyreqUgAAAAEAEAAFTfsABU1zAAUzfAAAwBcAAgBXTWFjaW50b3NoIEhEOlVzZXJzOgBmbG9yaWFuaG9sbGVuYmFjaDoARHJvcGJveDoAUGFwZXJzOgBPRG9ubmVsX1dvcmxkUG9saWN5Sm8jODI5RDYucGRmAAAOAEgAIwBPAEQAbwBuAG4AZQBsAF8AVwBvAHIAbABkAFAAbwBsAGkAYwB5AEoAbwB1AHIAbgBhAGwAXwAxADkAOAA4AC4AcABkAGYADwAaAAwATQBhAGMAaQBuAHQAbwBzAGgAIABIAEQAEgBKVXNlcnMvZmxvcmlhbmhvbGxlbmJhY2gvRHJvcGJveC9QYXBlcnMvT0Rvbm5lbF9Xb3JsZFBvbGljeUpvdXJuYWxfMTk4OC5wZGYAEwABLwAAFQACABj//wAAgAXSHB0eH1gkY2xhc3Nlc1okY2xhc3NuYW1lox8gIV1OU011dGFibGVEYXRhVk5TRGF0YVhOU09iamVjdF8QQS4uLy4uLy4uLy4uLy4uL0Ryb3Bib3gvUGFwZXJzL09Eb25uZWxfV29ybGRQb2xpY3lKb3VybmFsXzE5ODgucGRm0hwdJCWiJSFcTlNEaWN0aW9uYXJ5EgABhqBfEA9OU0tleWVkQXJjaGl2ZXIACAARABYAHwAoADIANQA6ADwARQBLAFIAXQBlAGwAbwBxAHMAdgB4AHoAfACGAJMAmACgApQClgKbAqQCrwKzAsECyALRAxUDGgMdAyoDLwAAAAAAAAIBAAAAAAAAACgAAAAAAAAAAAAAAAAAAANB},
  date-added = {2011-10-09 15:47:15 -0400},
  date-modified = {2011-10-09 15:48:35 -0400}
}

@BOOK{Page:2011,
  title = {Diversity and Complexity},
  publisher = {Princeton University Press},
  year = {2011},
  author = {Scott E. Page},
  address = {Princeton,N.J.},
  date-modified = {2011-09-30 14:45:51 -0400},
  owner = {jmontgomery},
  timestamp = {2011.09.28}
}

@ARTICLE{Page:2008,
  author = {Scott E. Page},
  title = {Uncertainty, Difficulty, and Complexity},
  journal = {Journal of Theoretical Politics},
  year = {2008},
  volume = {20},
  pages = {115-149},
  number = {2},
  owner = {jmontgomery},
  timestamp = {2011.09.28}
}

@ARTICLE{Page:2007,
  author = {Scott E. Page and Leonard M. Sander and Casey M. Schneider-Mizell},
  title = {Conformity and Dissonance in Generalized Voter Models},
  journal = {Journal of Statistical Physics},
  year = {2007},
  volume = {128},
  pages = {1279-1287},
  number = {6},
  date-modified = {2011-09-30 14:46:20 -0400},
  owner = {jmontgomery},
  timestamp = {2011.09.28}
}

@ARTICLE{Palm:Zellner:1992,
  author = {Palm, Franz C. and Zellner, Arnold},
  title = {To Combine of Not to Combine? Issues of Combining Forecasts},
  journal = {Journal of Forecasting},
  year = {1992},
  volume = {11},
  pages = {687-701},
  number = {8},
  date-added = {2012-08-12 22:40:22 +0000},
  date-modified = {2012-08-12 22:41:32 +0000}
}

@ARTICLE{Pevehouse:Goldstein:1999,
  author = {Pevehouse, Jon C. and Goldstein, Joshua S.},
  title = {Serbian Compliance or Defiance in {Kosovo? Statistical} Analysis
	and Real-Time Predictions},
  journal = {The Journal of Conflict Resolution},
  year = {1999},
  volume = {43},
  pages = {538-546},
  number = {4},
  date-added = {2011-03-05 11:35:36 -0500},
  date-modified = {2011-03-05 11:38:22 -0500}
}

@ARTICLE{Pitt:2002b,
  author = {Mark A. Pitt and In Jae Myung},
  title = {When a Good Fit Can Be Bad},
  journal = {TRENDS in Cognitive Sciences},
  year = {2002},
  volume = {6},
  pages = {421-425},
  number = {10},
  date-added = {2011-06-10 10:50:12 -0400},
  date-modified = {2011-06-14 15:15:41 -0400},
  owner = {jacobmontgomery},
  timestamp = {2011.06.09}
}

@ARTICLE{Pitt:2002a,
  author = {Mark A. Pitt and In Jae Myung and Shaobo Zhang},
  title = {Toward a Method of Selecting Among Computational Models of Cognition},
  journal = {Psychological Review},
  year = {2002},
  volume = {109},
  pages = {472-491},
  number = {3},
  date-added = {2011-06-10 10:49:59 -0400},
  date-modified = {2011-06-10 10:49:59 -0400},
  owner = {jacobmontgomery},
  timestamp = {2011.06.09}
}

@BOOK{Profeta_Scabrosetti_2010,
  title = {The Political Economy of Taxation: Lessons from Developing Countries},
  publisher = {Edward Elgar},
  year = {2010},
  author = {Profeta, Paola and Scabrosetti, Simona},
  address = {Cheltenham, UK},
  date-added = {2011-10-09 16:43:16 -0400},
  date-modified = {2011-10-09 16:45:05 -0400}
}

@ARTICLE{Raftery:1995,
  author = {Raftery, Adrian E.},
  title = {Bayesian Model Selection in Social Research},
  journal = {Sociological Methodology},
  year = {1995},
  volume = {25},
  pages = {111--163},
  number = {1},
  date-modified = {2011-06-08 09:29:36 -0400},
  publisher = {JSTOR}
}

@ARTICLE{Raftery:2005,
  author = {Raftery, Adrian E. and Gneiting, Tilmann and Balabdaoui, Fadoua and
	Polakowski, Michael},
  title = {Using {B}ayesian Model Averaging to Calibrate Forecast Ensembles},
  journal = {Monthly Weather Review},
  year = {2005},
  volume = {133},
  pages = {1155--1174},
  number = {5},
  date-modified = {2011-06-10 10:59:53 -0400},
  issn = {0027-0644},
  publisher = {Citeseer}
}

@ARTICLE{Raftery:2010,
  author = {Raftery, Adrian E. and K{\'a}rn{\`y}, Miroslav and Ettler, Pavel},
  title = {Online Prediction Under Model Uncertainty via Dynamic Model Averaging:
	Application to a Cold Rolling Mill},
  journal = {Technometrics},
  year = {2010},
  volume = {52},
  pages = {52--66},
  number = {1},
  publisher = {NIH Public Access}
}

@ARTICLE{Raftery:2003,
  author = {Raftery, Adrian E. and Zheng, Yingye},
  title = {Long-run Performance of {B}ayesian Model Averaging},
  journal = {Journal of the American Statistical Association},
  year = {2003},
  volume = {98},
  pages = {931--938},
  number = {464},
  issn = {0162-1459},
  publisher = {ASA}
}

@ARTICLE{Rakove_1997,
  author = {Rakove, Jack},
  title = {The Origins of Judicial Review: A Plea for New Contexts},
  journal = {Stanford Law Review},
  year = {1997},
  volume = {49},
  pages = {1031-1064},
  number = {6},
  date-added = {2011-09-29 19:02:55 -0400},
  date-modified = {2011-09-29 19:02:55 -0400}
}

@ARTICLE{Rapach_Strauss_2010,
  author = {Rapach, David E. and Strauss, Jack K.},
  title = {Bagging of Combining (or Both)? An Analysis Based on Forecasting
	U.S. Employment Growth},
  journal = {Econometric Reviews},
  year = {2010},
  volume = {29},
  pages = {511-533},
  number = {5-6},
  date-added = {2013-01-21 16:44:12 +0000},
  date-modified = {2013-01-21 16:46:12 +0000}
}

@ARTICLE{RapachEtAl:2009,
  author = {Rapach, David E. and Strauss, Jack K. and Zhou, Guofu},
  title = {Out-of-Sample Equity Premium Prediction: Combination Forecasts and
	Links to the Real Economy},
  journal = {Review of Financial Studies},
  year = {2009},
  volume = {23},
  pages = {821-862},
  number = {2},
  date-added = {2013-01-21 16:38:10 +0000},
  date-modified = {2013-01-21 16:40:43 +0000}
}

@ARTICLE{Richards_Kritzer_2002,
  author = {Richards, Mark J. and Kritzer, Herbert M.},
  title = {Jurisprudential Regimes in {S}upreme {C}ourt Decision Making},
  journal = {The American Political Science Review},
  year = {2002},
  volume = {96},
  pages = {305-320},
  number = {2},
  date-added = {2011-09-29 19:02:55 -0400},
  date-modified = {2011-09-30 14:47:41 -0400}
}

@ARTICLE{RingsEtAl:2012,
  author = {Rings, Joerg and Vrugt, Jasper A. and Schoups, Gerrit and Huisman,
	Johan A. and Vereecken, Harry},
  title = {{B}ayesian Model Averaging Using Particle Filtering and {G}aussian
	Mixture Modeling: Theory, Concepts, and Simulation Experiments},
  journal = {Water Resources Research},
  year = {2012},
  volume = {48},
  pages = {1-12},
  number = {5},
  date-added = {2013-01-21 18:56:25 +0000},
  date-modified = {2013-01-21 18:59:40 +0000}
}

@BOOK{Rosenstone:1983,
  title = {Forecasting Presidential Elections},
  publisher = {Yale University Press},
  year = {1983},
  author = {Rosenstone, Steven J.},
  address = {New Haven, CT},
  date-added = {2011-12-15 15:14:09 -0500},
  date-modified = {2011-12-15 15:14:09 -0500}
}

@ARTICLE{Ruger:2004,
  author = {Ruger, Theadore W. and Kim, Pauline T. and Martin, Andrew D. and
	Quinn, Kevin M.},
  title = {The {Supreme Court Forecasting Project}: {L}egal and Political Science
	Approaches to Predicting Supreme Court Decisionmaking},
  journal = {Columbia Law Review},
  year = {2004},
  volume = {104},
  pages = {1150--1210},
  number = {4},
  date-modified = {2011-06-16 11:53:31 -0400},
  issn = {0010-1958},
  publisher = {JSTOR}
}

@ARTICLE{Rustad_etal_2011,
  author = {Rustad, Siri Camilla Aas and Buhaug, Halvard and Falch, Ashild and
	Gates, Scott},
  title = {All Conflict is Local: Modeling Sub-National Variation in Civil Conflict
	Risk},
  journal = {Conflict Management and Peace Science},
  year = {2011},
  volume = {28},
  pages = {15-40},
  number = {1},
  date-added = {2011-04-14 12:04:22 -0400},
  date-modified = {2011-04-14 12:05:53 -0400}
}

@ARTICLE{Schneider_etal_2011,
  author = {Schneider, Gerald and Gleditsch, Nils Petter and Carey, Sabine},
  title = {Forecasting in International Relations: One Quest, Three Approaches},
  journal = {Conflict Management and Peace Science},
  year = {2011},
  volume = {28},
  pages = {5-14},
  number = {1},
  date-added = {2011-04-14 11:57:51 -0400},
  date-modified = {2011-04-14 12:00:11 -0400}
}

@ARTICLE{Schrodt:Gerner:2000,
  author = {Schrodt, Philip A. and Gerner, Deborah J.},
  title = {Using Cluster Analysis to Derive Early Warning Indicators for Political
	Change in the {Middle East}, 1979-1996},
  journal = {American Political Science Review},
  year = {2000},
  volume = {94},
  pages = {803-818},
  number = {4},
  date-added = {2011-03-05 11:40:01 -0500},
  date-modified = {2011-03-05 11:41:10 -0500}
}

@ARTICLE{Segal_Cover_1989,
  author = {Segal, Jeffrey A. and Cover, Albert D.},
  title = {Ideological Values and the Votes of {U}.{S}. {S}upreme {C}ourt {J}ustices},
  journal = {The American Political Science Review},
  year = {1989},
  volume = {83},
  pages = {557-565},
  number = {2},
  date-added = {2011-09-29 19:02:55 -0400},
  date-modified = {2011-09-30 14:51:30 -0400}
}

@BOOK{Singer:Wallace:1979,
  title = {To Augur Well: Early Warning Indicators in World Politics},
  publisher = {Sage Publications},
  year = {1979},
  author = {Singer, J. David and Wallace, Michael D.},
  address = {Beverly Hills, CA},
  date-added = {2011-03-05 11:18:54 -0500},
  date-modified = {2011-06-06 17:20:34 -0400}
}

@ARTICLE{Sloughter:2010,
  author = {Sloughter, J. McLean and Gneiting, Tilmann and Raftery, Adrian E.},
  title = {Probabilistic Wind Speed Forecasting Using Ensembles and {B}ayesian
	Model Averaging},
  journal = {Journal of the American Statistical Association},
  year = {2010},
  volume = {105},
  pages = {25--35},
  number = {489},
  date-modified = {2011-06-08 09:30:51 -0400},
  issn = {0162-1459},
  publisher = {ASA}
}

@ARTICLE{Sloughter:2007,
  author = {Sloughter, J. McLean and Raftery, Adrian E. and Gneiting, Tilmann
	and Fraley, Chris},
  title = {Probabilistic Quantitative Precipitation Forecasting Using {B}ayesian
	Model Averaging},
  journal = {Monthly Weather Review},
  year = {2007},
  volume = {135},
  pages = {3209--3220},
  number = {9},
  date-modified = {2011-06-08 09:33:57 -0400},
  issn = {0027-0644},
  publisher = {Citeseer}
}

@ARTICLE{Smith:2009,
  author = {Smith, Richard L. and Tebaldi, Claudia and Nychka, Doug and Mearns,
	Linda O.},
  title = {Bayesian Modeling of Uncertainty in Ensembles of Climate Models},
  journal = {Journal of the American Statistical Association},
  year = {2009},
  volume = {104},
  pages = {97--116},
  number = {485},
  publisher = {ASA}
}

@ARTICLE{Songer_etal_1994,
  author = {Songer, Donald R. and Segal, Jeffrey A. and Cameron, Charles M.},
  title = {The Hierarchy of Justice: Testing a Principal-Agent Model of {S}upreme
	{C}ourt-Circuit Court Interactions},
  journal = {American Journal of Political Science},
  year = {1994},
  volume = {38},
  pages = {673-696},
  number = {3},
  date-added = {2011-09-29 19:02:55 -0400},
  date-modified = {2011-09-30 14:48:40 -0400}
}

@ARTICLE{Spiegelhalter:2002,
  author = {Spiegelhalter, David J. and Best, Nicola G. and Carlin, Bradley P.
	and Van der Linde, Angelika},
  title = {Bayesian Measures of Model Complexity and Fit},
  journal = {Journal of the Royal Statistical Society. Series B (Statistical Methodology)},
  year = {2002},
  volume = {64},
  pages = {583--639},
  number = {4}
}

@BOOK{Spirtes:2000,
  title = {Causation, Prediction, and Search},
  publisher = {MIT Press},
  year = {2000},
  author = {Spirtes, Peter and Glymour, Clark N. and Scheines, Richard},
  volume = {81},
  address = {Cambridge, MA}
}

@ARTICLE{Surowiecki:2004,
  author = {Surowiecki, J.},
  title = {The Wisdom of Crowds: Why the Many Are Smarter Than the Few and How
	Collective Wisdom Shapes Business},
  journal = {Economies, Societies and Nations},
  year = {2004}
}

@INCOLLECTION{Tanzi_2008,
  author = {Tanzi, Vitor},
  title = {Introduction: Tax Systems and Tax Reforms in Latin America},
  booktitle = {Tax Systems and Tax Reforms in Latin America},
  publisher = {Routledge},
  year = {2008},
  editor = {Bernardi, Luigi and Barreix, Alberto and Marenzi, Anna and Profeta,
	Paola},
  chapter = {1},
  pages = {1-16},
  address = {New York, NY},
  date-added = {2011-10-09 17:13:16 -0400},
  date-modified = {2011-10-09 17:18:39 -0400}
}

@UNPUBLISHED{Tomas:2011,
  author = {Amber Tomas},
  title = {A Dynamic Logistic Multiple Classifier System for Online Classification},
  note = {Working Paper. \url{http://www.stats.ox.ac.uk/~tomas/html_links/T2011.pdf}
	(accessed June 1, 2011)},
  year = {2011},
  bdsk-url-1 = {http://www.stats.ox.ac.uk/~tomas/html_links/T2011.pdf},
  date-modified = {2011-06-14 13:57:56 -0400},
  owner = {jacobmontgomery},
  timestamp = {2011.06.14}
}

@UNPUBLISHED{Ulfelder:2012,
  author = {Ulfelder, Jay},
  title = {Forecasting Onset of Mass Killings},
  note = {Paper presented at the annual Northeast Political Methodology Meeting
	at New York University .},
  year = {2012},
  owner = {jmontgomery},
  timestamp = {2013.01.16}
}

@ARTICLE{Vanberg_1998,
  author = {Vanberg, Georg},
  title = {Abstract Judicial Review, Legislative Bargaining, and Policy Compromise},
  journal = {Journal of Theoretical Politics},
  year = {1998},
  volume = {10},
  pages = {299-326},
  date-added = {2011-09-29 19:02:55 -0400},
  date-modified = {2011-09-29 19:02:55 -0400}
}

@ARTICLE{Vanberg_2002,
  author = {Vanberg, Georg and Rogers, James},
  title = {Judicial Advisory Opinions and Legislative Outcomes in Comparative
	Perspective},
  journal = {American Journal of Political Science},
  year = {2002},
  volume = {46},
  pages = {379-397},
  number = {2},
  date-added = {2011-09-29 19:02:55 -0400},
  date-modified = {2011-09-29 19:02:55 -0400}
}

@ARTICLE{Vincent:1980,
  author = {Vincent, Jack E.},
  title = {Scientific Prediction versus Crystal Ball Gazing: Can the Unknown
	be Known?},
  journal = {International Studies Quarterly},
  year = {1980},
  volume = {24},
  pages = {450-454},
  number = {3},
  date-added = {2011-03-05 11:21:15 -0500},
  date-modified = {2011-03-05 11:22:15 -0500}
}

@ARTICLE{Vrugt:2006,
  author = {Vrugt, Jasper A. and Clark, Martyn P. and Diks, Cees G.H. and Duan,
	Qinyun and Robinson, Bruce A.},
  title = {Multi-Objective Calibration of Forecast Ensembles Using {B}ayesian
	Model Averaging},
  journal = {Geophysical Research Letters},
  year = {2006},
  volume = {33},
  pages = {L19817},
  date-modified = {2011-06-14 13:58:45 -0400}
}

@ARTICLE{Vrugt:2008,
  author = {Vrugt, Jasper A. and Diks, Cees G.H. and Clark, Martyn P.},
  title = {Ensemble {B}ayesian Model Averaging Using {M}arkov Chain {M}onte
	{C}arlo Sampling},
  journal = {Environmental Fluid Mechanics},
  year = {2008},
  volume = {8},
  pages = {579--595},
  number = {5},
  publisher = {Springer}
}

@ARTICLE{wgb:2010,
  author = {Michael D. Ward and Brian D. Greenhill and Kristin M. Bakke},
  title = {The Perils of Policy by p-value: Predicting Civil Conflict},
  journal = {Journal of Peace Research},
  year = {2010},
  volume = {47},
  pages = {363-375},
  number = {4},
  date-added = {2011-06-09 14:09:12 -0700},
  date-modified = {2011-06-09 14:09:12 -0700}
}

@ARTICLE{Ward:etal:2007,
  author = {Ward, Michael D. and Siverson, Randolph M. and Cao, Xun},
  title = {Disputes, Democracies, and Dependencies: A Re-examination of the
	{Kantian} Peace},
  journal = {American Journal of Political Science},
  year = {2007},
  volume = {51},
  pages = {583-601},
  number = {3},
  date-added = {2011-03-05 11:58:16 -0500},
  date-modified = {2011-03-05 11:59:38 -0500}
}

@ARTICLE{Whitely:2005,
  author = {Whiteley, Paul F.},
  title = {Forecasting Seats from Votes in {British} General Elections},
  journal = {The British Journal of Politics \& International Relations},
  year = {2005},
  volume = {7},
  pages = {165-173},
  number = {2},
  owner = {jacobmontgomery},
  timestamp = {2011.05.11}
}

@ARTICLE{EriksonWlezien:1996,
  author = {Wlezien, Christopher and Erikson, Robert S. },
  title = {Temporal Horizons and Presidential Election Forecasts},
  journal = {American Politics Research},
  year = {1996},
  volume = {24},
  pages = {492-505},
  number = {4},
  date-added = {2013-01-28 00:58:12 +0000},
  date-modified = {2013-01-28 00:59:08 +0000}
}

@ARTICLE{Wright:2009,
  author = {Jonathan H. Wright},
  title = {Forecasting {US} Inflation by {B}ayesian Model Averaging},
  journal = {Journal of Forecasting},
  year = {2009},
  volume = {28},
  pages = {131-144},
  number = {2},
  date-modified = {2011-06-16 11:36:11 -0400},
  owner = {jacobmontgomery},
  timestamp = {2011.06.14}
}

@ARTICLE{Wright:2008,
  author = {Jonathan H. Wright},
  title = {Bayesian Model Averaging and Exchange Rate Forecasts},
  journal = {Journal of Econometrics},
  year = {2008},
  volume = {146},
  pages = {329-341},
  number = {2},
  date-modified = {2011-06-16 11:35:44 -0400},
  owner = {jacobmontgomery},
  timestamp = {2011.06.14}
}

@ARTICLE{Zhang:2009,
  author = {Zhang, Xuesong and Srinivasan, Raghavan and Bosch, David},
  title = {Calibration and Uncertainty Analysis of the {SWAT} Model Using Genetic
	Algorithms and {B}ayesian Model Averaging},
  journal = {Journal of Hydrology},
  year = {2009},
  volume = {374},
  pages = {307--317},
  number = {3-4},
  date-modified = {2011-06-14 13:59:29 -0400},
  publisher = {Elsevier}
}

@BOOK{Choucri:Robinson:1978,
  title = {Forecasting in International Relations: Theory, Methods, Problems,
	Prospects},
  publisher = {W.H. Freeman},
  year = {1978},
  editor = {Choucri, Nazli and Robinson, Thomas W.},
  address = {San Francisco, CA},
  date-added = {2011-03-05 11:14:35 -0500},
  date-modified = {2011-09-30 14:25:11 -0400}
}

>>>>>>> some tny changes
